%% This BibTeX bibliography file was created using BibDesk.
%% http://bibdesk.sourceforge.net/


%% Created for Oscar de Felice at 2018-01-15 12:54:01 +0100 


%% Saved with string encoding Unicode (UTF-8) 

@article{extradim1,
	Author = {Roberto Franceschini and Gian Francesco Giudice and Pier Paolo Giardino and Paolo Lodone and Alessandro Strumia},
	Title = "{LHC bounds on large extra dimensions}",
	Year = {2011},
	Eprint = {arXiv:1101.4919},
	Howpublished = {JHEP 1105:092,2011},
	Doi = {10.1007/JHEP05(2011)092},
	}
	
@article{extradim2,
	title = "{Bounds on universal extra dimension from LHC run I and II data}",
	journal = "Physics Letters B",
	volume = "763",
	pages = "155 - 160",
	year = "2016",
	issn = "0370-2693",
	doi = "https://doi.org/10.1016/j.physletb.2016.10.010",
	url = "http://www.sciencedirect.com/science/article/pii/S0370269316305810",
	author = "Debajyoti Choudhury and Kirtiman Ghosh"
	}
	
@article{Weinberg:1977ma,
      author         = "Weinberg, Steven",
      title          = "{A New Light Boson?}",
      journal        = "Phys. Rev. Lett.",
      volume         = "40",
      year           = "1978",
      pages          = "223-226",
      doi            = "10.1103/PhysRevLett.40.223",
      reportNumber   = "HUTP-77/A074",
      SLACcitation   = "%%CITATION = PRLTA,40,223;%%"
}
	
@article{CremmerJulia,
	author         = "Cremmer, E. and Julia, B.",
	title          = "{The SO(8) Supergravity}",
	journal        = "Nucl. Phys.",
	volume         = "B159",
	year           = "1979",
	pages          = "141-212",
	doi            = "10.1016/0550-3213(79)90331-6",
	reportNumber   = "LPTENS 79/6",
	SLACcitation   = "%%CITATION = NUPHA,B159,141;%%"
	}
	
@article{CremmerJuliaSch,
	author         = "Cremmer, E. and Julia, B. and Scherk, Joel",
	title          = "{Supergravity Theory in Eleven-Dimensions}",
	journal        = "Phys. Lett.",
	volume         = "76B",
	year           = "1978",
	pages          = "409-412",
	doi            = "10.1016/0370-2693(78)90894-8",
	reportNumber   = "LPTENS-78-10",
	SLACcitation   = "%%CITATION = PHLTA,76B,409;%%"
	}

@article{CYcomp,
	author         = "Candelas, P. and Horowitz, Gary T. and Strominger, Andrew
                        and Witten, Edward",
	title          = "{Vacuum Configurations for Superstrings}",
	journal        = "Nucl. Phys.",
	volume         = "B258",
	year           = "1985",
	pages          = "46-74",
	doi            = "10.1016/0550-3213(85)90602-9",
	reportNumber   = "NSF-ITP-84-170",
	SLACcitation   = "%%CITATION = NUPHA,B258,46;%%"
}

@article{CalabiMetr,
  	title={THE SPACE OF KAHLER METRICS II},
  	author={Calabi, E and Chen, XX},
  	journal={arXiv preprint math.DG/0108162},
  	year={1999}
	}

@article{YauCalabi,
  title={Calabi's conjecture and some new results in algebraic geometry},
  author={Yau, Shing-Tung},
  journal={Proceedings of the National Academy of Sciences},
  volume={74},
  number={5},
  pages={1798--1799},
  year={1977},
  publisher={National Acad Sciences}
}


@article{hitch1,
	Author = {Hitchin, Nigel},
	Doi = {10.1093/qjmath/54.3.281},
	Fjournal = {The Quarterly Journal of Mathematics},
	Issn = {0033-5606},
	Journal = {Q. J. Math.},
	Mrclass = {32Q25 (14J32 53C29 53C56)},
	Mrkey = {2013140},
	Mrnumber = {2013140},
	Mrreviewer = {Richard P. Thomas},
	Number = {3},
	Pages = {281--308},
	Title = "{Generalized {C}alabi-{Y}au manifolds}",
	Volume = {54},
	Year = {2003},
	Zblnumber = {1076.32019},
	Bdsk-Url-1 = {http://dx.doi.org/10.1093/qjmath/54.3.281}}

@phdthesis{gualtphd,
	Arxiv = {math.DG/0401221},
	Author = {Gualtieri, Marco},
	Title = "{Generalized complex geometry, {P}h.{D}. thesis, {O}xford {U}niversity}",
	Year = {2004}}

@book{holon2,
	Author = {Michael Spivak},
	Date-Added = {2018-01-14 17:45:46 +0000},
	Date-Modified = {2018-01-14 17:47:32 +0000},
	Edition = {2},
	Month = {January},
	Publisher = {Publish or Perish},
	Title = {A comprehensive introduction to differential geometry},
	Volume = {II},
	Year = {1999}}

@book{joyce,
	Address = {Oxford, UK},
	Author = {Dominic David Joyce},
	Isbn = {9780198506010},
	Publisher = {Oxford Mathematical Monographs},
	Slaccitation = {%%CITATION = INSPIRE-1123254;%%},
	Title = {{Compact Manifolds with Special Holonomy}},
	Url = {https://global.oup.com/academic/product/compact-manifolds-with-special-holonomy-9780198506010?cc=fr&lang=en&#},
	Year = {2000},
	Bdsk-Url-1 = {https://global.oup.com/academic/product/compact-manifolds-with-special-holonomy-9780198506010?cc=fr&lang=en&#}}
	
@article{joyceLagrang,
      author         = "Joyce, Dominic",
      title          = "{Lectures on special Lagrangian geometry}",
      year           = "2001",
      eprint         = "math/0111111",
      archivePrefix  = "arXiv",
      primaryClass   = "math-dg",
      SLACcitation   = "%%CITATION = MATH/0111111;%%"
}

@book{CalabiYauReview,
 	 title={Calabi-Yau manifolds and related geometries: lectures at a summer school in Nordfjordeid, Norway, June 2001},
 	 author={Gross, Mark and Huybrechts, Daniel and Joyce, Dominic},
 	 year={2012},
 	 publisher={Springer Science \& Business Media}
}

@book{KahlBook,
 	 title={Compact complex surfaces},
 	 author={Barth, W. and Peters, C. and Ven, A.},
 	 isbn={9783540121725},
 	 lccn={84001421},
 	 series={Ergebnisse der Mathematik und ihrer Grenzgebiete},
 	 url={https://books.google.fr/books?id=LsAPAQAAMAAJ},
 	 year={1984},
 	 publisher={Springer}
}

@book{koba,
	Author = {Kobayashi, Shoshichi and Nomizu, Katsumi},
	Isbn = {0471157333},
	Publisher = {Wiley-Interscience},
	Title = {Foundations of Differential Geometry, Vol.1 (Wiley Classics Library)},
	Year = {1996}}

@book{Nakahara,
	Added-At = {2009-04-28T18:21:25.000+0200},
	Author = {Nakahara, M.},
	Biburl = {http://www.bibsonomy.org/bibtex/2863a71a1d9b05f59862f26c82988a7fa/gber},
	Description = {SPIRES-HEP: FIND KEY 7208855},
	Interhash = {d7f753c0d0a37ec8139f8e01baaa8e55},
	Intrahash = {863a71a1d9b05f59862f26c82988a7fa},
	Keywords = {GeneralQFT mathematics},
	Note = {Bristol, UK: Hilger (1990) 505 p. (Graduate student series in physics)},
	Timestamp = {2009-04-28T18:21:25.000+0200},
	Title = {{Geometry, topology and physics}},
	Url = {http://www.slac.stanford.edu/spires/find/hep/www?key=7208855},
	Year = 2003,
	Bdsk-Url-1 = {http://www.slac.stanford.edu/spires/find/hep/www?key=7208855}
	}

@article{int1,
  title={{The integrability problem for $G$-structures}},
  author={Guillemin, Victor},
  journal={Transactions of the American Mathematical Society},
  volume={116},
  pages={544--560},
  year={1965}
}

@article{int2,
  title={{On the integrability of second-order G-structures with applications to continuous theories of dislocations}},
  author={de Le{\'o}n, Manuel and Epstein, Marcelo},
  journal={Reports on Mathematical Physics},
  volume={33},
  number={3},
  pages={419--436},
  year={1993},
  publisher={Elsevier}
}

@article{int3, 
title={{Affine bundles and integrable almost tangent structures}}, 
volume={98}, 
DOI={10.1017/S0305004100063246}, 
number={1}, 
journal={Mathematical Proceedings of the Cambridge Philosophical Society}, 
publisher={Cambridge University Press}, 
author={Crampin, M. and Thompson, G.}, 
year={1985}, 
pages={61â€“71}}

@inproceedings{TorsClass1,
      author         = "Chiossi, Simon and Salamon, Simon",
      title          = "{The Intrinsic torsion of SU(3) and G(2) structures}",
      booktitle      = "{International Conference on Differential Geometry held
                        in honor of the 60th Birthday of A.M. Naveira Valencia,
                        Spain, May 8-14, 2001}",
      year           = "2002",
      note           = "[Submitted to: J. Diff. Geom.(2002)]",
      eprint         = "math/0202282",
      archivePrefix  = "arXiv",
      primaryClass   = "math-dg",
      SLACcitation   = "%%CITATION = MATH/0202282;%%"
}

@article{TorsClass2,
      author         = "Hitchin, Nigel J.",
      title          = "{The Geometry of Three-Forms in Six Dimensions}",
      journal        = "J. Diff. Geom.",
      volume         = "55",
      year           = "2000",
      number         = "3",
      pages          = "547-576",
      eprint         = "math/0010054",
      archivePrefix  = "arXiv",
      primaryClass   = "math.DG",
      SLACcitation   = "%%CITATION = MATH/0010054;%%"
}

@book{topofibre,
	Author = {Steenrod, Norman},
	Isbn = {0691080550},
	Publisher = {Princeton University Press},
	Title = {Topology of Fibre Bundles},
	Year = {1951}}

@book{hatcher,
	Address = {{Cambridge, New York}},
	Author = {{Hatcher, Allen}},
	Isbn = {0-521-79160-X},
	Note = {{Autre(s) tirage(s) : 2003,2004,2005,2006}},
	Publisher = {{Cambridge University Press}},
	Title = {Algebraic topology},
	Url = {http://opac.inria.fr/record=b1122188},
	Year = 2002,
	Bdsk-Url-1 = {http://opac.inria.fr/record=b1122188}}

@book{category1,
	Author = {Francis Borceux},
	Isbn = {0521441781},
	Publisher = {Cambridge University Press},
	Title = {{Handbook of Categorical Algebra, Basic Category Theory (Encyclopedia of Mathematics and its Applications)}},
	Year = {1994}}

@book{category2,
	Author = {Saunders MacLane},
	Isbn = {3540586628},
	Publisher = {Springer},
	Title = {{Homology (Classics in Mathematics)}},
	Year = {1995}}

@misc{presymp,
	Author = {Boguslaw Hajduk and Rafal Walczak},
	Eprint = {arXiv:0912.2297},
	Title = {Presymplectic manifolds},
	Year = {2009}}

@book{complstr,
	Author = {Ana Cannas da Silva},
	Isbn = {3540421955},
	Publisher = {Springer},
	Title = {{Lectures on Symplectic Geometry (Lecture Notes in Mathematics)}},
	Year = {2008}}

@book{liegroupstruc,
	Author = {Onishchik, A.L. and Vinberg, E.B.},
	Isbn = {3540546839},
	Publisher = {Springer},
	Title = {{Lie Groups and Lie Algebras III: Structure of Lie Groups and Lie Algebras (Encyclopaedia of Mathematical Sciences) (v. 3)}},
	Year = {1994}}

@article{holon1,
	Author = {Berger, Marcel},
	Eprint = {BSMF_1955__83__279_0},
	Howpublished = {Bulletin de la Soci{\'e}t{\'e} Math{\'e}matique de France},
	Title = {Sur les groupes d'holonomie homog{\`e}nes de vari{\'e}t{\'e}s {\`a} connexion affine et des vari{\'e}t{\'e}s riemanniennes},
	Volume = 83,
	Year = {1955}
	}
	
@book{polchinski,
      author         = "Polchinski, J.",
      title          = "{String theory. Vol. 2: Superstring theory and beyond}",
      publisher      = "Cambridge University Press",
      year           = "2007",
      ISBN           = "9780511252280, 9780521633048, 9780521672283",
      SLACcitation   = "%%CITATION = INSPIRE-487241;%%"
}

@book{BeckerBeckerSchw,
      author         = "Becker, K. and Becker, M. and Schwarz, J. H.",
      title          = "{String theory and M-theory: A modern introduction}",
      publisher      = "Cambridge University Press",
      year           = "2006",
      ISBN           = "9780511254864, 9780521860697",
      SLACcitation   = "%%CITATION = INSPIRE-744404;%%"
}
	
@book{BlumLustThe,
      author         = "Blumenhagen, Ralph and LÃ¼st, Dieter and Theisen, Stefan",
      title          = "{Basic concepts of string theory}",
      publisher      = "Springer",
      address        = "Heidelberg, Germany",
      year           = "2013",
      url            = "http://www.springer.com/physics/theoretical%2C+mathematical+%26+computational+physics/book/978-3-642-29496-9",
      series         = "Theoretical and Mathematical Physics",
      doi            = "10.1007/978-3-642-29497-6",
      ISBN           = "9783642294969",
      SLACcitation   = "%%CITATION = INSPIRE-1217904;%%"
}

@inproceedings{PolchinskiBraneLect,
      author         = "Polchinski, Joseph",
      title          = "{Tasi lectures on D-branes}",
      booktitle      = "{Fields, strings and duality. Proceedings, Summer School,
                        Theoretical Advanced Study Institute in Elementary
                        Particle Physics, TASI'96, Boulder, USA, June 2-28, 1996}",
      url            = "https://inspirehep.net/record/425724/files/arXiv:hep-th_9611050.pdf",
      year           = "1996",
      pages          = "293-356",
      eprint         = "hep-th/9611050",
      archivePrefix  = "arXiv",
      primaryClass   = "hep-th",
      reportNumber   = "NSF-ITP-96-145",
      SLACcitation   = "%%CITATION = HEP-TH/9611050;%%"
}

@article{PolchinskiBranes,
      author         = "Polchinski, Joseph",
      title          = "{Dirichlet Branes and Ramond-Ramond charges}",
      journal        = "Phys. Rev. Lett.",
      volume         = "75",
      year           = "1995",
      pages          = "4724-4727",
      doi            = "10.1103/PhysRevLett.75.4724",
      eprint         = "hep-th/9510017",
      archivePrefix  = "arXiv",
      primaryClass   = "hep-th",
      reportNumber   = "NSF-ITP-95-122",
      SLACcitation   = "%%CITATION = HEP-TH/9510017;%%"
}

@article{BraneWorldCosmo,
	Author = {Philippe Brax and Carsten van de Bruck},
	Title = {Cosmology and Brane Worlds: A Review},
	Year = {2003},
	Eprint = {arXiv:hep-th/0303095},
	Howpublished = {Class.Quant.Grav.20:R201-R232,2003},
	Doi = {10.1088/0264-9381/20/9/202},
}

@article{SmithBrane,
      author         = "Smith, Douglas J.",
      title          = "{Intersecting brane solutions in string and M theory}",
      journal        = "Class. Quant. Grav.",
      volume         = "20",
      year           = "2003",
      pages          = "R233",
      doi            = "10.1088/0264-9381/20/9/203",
      eprint         = "hep-th/0210157",
      archivePrefix  = "arXiv",
      primaryClass   = "hep-th",
      reportNumber   = "DTP-02-67",
      SLACcitation   = "%%CITATION = HEP-TH/0210157;%%"
}

@article{CalGeo,
      author         = "Harvey, R. and Lawson, Jr., H. B.",
      title          = "{Calibrated geometries}",
      journal        = "Acta Math.",
      volume         = "148",
      year           = "1982",
      pages          = "47",
      doi            = "10.1007/BF02392726",
      SLACcitation   = "%%CITATION = ACMTA,148,47;%%"
}

@article{JoyceLectLagr,
      author         = "Joyce, Dominic",
      title          = "{Lectures on special Lagrangian geometry}",
      year           = "2001",
      eprint         = "math/0111111",
      archivePrefix  = "arXiv",
      primaryClass   = "math-dg",
      SLACcitation   = "%%CITATION = MATH/0111111;%%"
}

@article{calibration1,
      author         = "Becker, Katrin and Becker, Melanie and Strominger,
                        Andrew",
      title          = "{Five-branes, membranes and non-perturbative string
                        theory}",
      journal        = "Nucl. Phys.",
      volume         = "B456",
      year           = "1995",
      pages          = "130-152",
      doi            = "10.1016/0550-3213(95)00487-1",
      eprint         = "hep-th/9507158",
      archivePrefix  = "arXiv",
      primaryClass   = "hep-th",
      reportNumber   = "NSF-ITP-95-62",
      SLACcitation   = "%%CITATION = HEP-TH/9507158;%%"
}

@article{calibration2,
      author         = "Becker, Katrin and Becker, Melanie and Morrison, David R.
                        and Ooguri, Hirosi and Oz, Yaron and Yin, Zheng",
      title          = "{Supersymmetric cycles in exceptional holonomy manifolds
                        and Calabi-Yau 4 folds}",
      journal        = "Nucl. Phys.",
      volume         = "B480",
      year           = "1996",
      pages          = "225-238",
      doi            = "10.1016/S0550-3213(96)00491-9",
      eprint         = "hep-th/9608116",
      archivePrefix  = "arXiv",
      primaryClass   = "hep-th",
      reportNumber   = "DUKE-TH-96-124, LBL-39156, LBNL-39156, UCB-PTH-96-33,
                        NSF-ITP-96-65, WIS-96-34-PH",
      SLACcitation   = "%%CITATION = HEP-TH/9608116;%%"
}

@article{calibration3,
      author         = "Gibbons, G. W. and Papadopoulos, G.",
      title          = "{Calibrations and intersecting branes}",
      journal        = "Commun. Math. Phys.",
      volume         = "202",
      year           = "1999",
      pages          = "593-619",
      doi            = "10.1007/s002200050597",
      eprint         = "hep-th/9803163",
      archivePrefix  = "arXiv",
      primaryClass   = "hep-th",
      reportNumber   = "DAMTP-R-98-16",
      SLACcitation   = "%%CITATION = HEP-TH/9803163;%%"
}

@article{calibration4,
      author         = "Gauntlett, Jerome P. and Lambert, Neil D. and West, Peter
                        C.",
      title          = "{Branes and calibrated geometries}",
      journal        = "Commun. Math. Phys.",
      volume         = "202",
      year           = "1999",
      pages          = "571-592",
      doi            = "10.1007/s002200050596",
      eprint         = "hep-th/9803216",
      archivePrefix  = "arXiv",
      primaryClass   = "hep-th",
      reportNumber   = "QMW-PH-98-16, KCL-TH-98-13",
      SLACcitation   = "%%CITATION = HEP-TH/9803216;%%"
}

@article{gencalibration1,
      author         = "Gutowski, J. and Papadopoulos, G. and Townsend, P. K.",
      title          = "{Supersymmetry and generalized calibrations}",
      journal        = "Phys. Rev.",
      volume         = "D60",
      year           = "1999",
      pages          = "106006",
      doi            = "10.1103/PhysRevD.60.106006",
      eprint         = "hep-th/9905156",
      archivePrefix  = "arXiv",
      primaryClass   = "hep-th",
      reportNumber   = "DAMTP-1999-67",
      SLACcitation   = "%%CITATION = HEP-TH/9905156;%%"
}

@article{gencalibration2,
      author         = "Martelli, Dario and Sparks, James",
      title          = "{G structures, fluxes and calibrations in M theory}",
      journal        = "Phys. Rev.",
      volume         = "D68",
      year           = "2003",
      pages          = "085014",
      doi            = "10.1103/PhysRevD.68.085014",
      eprint         = "hep-th/0306225",
      archivePrefix  = "arXiv",
      primaryClass   = "hep-th",
      reportNumber   = "QMUL-PH-03-07",
      SLACcitation   = "%%CITATION = HEP-TH/0306225;%%"
}

@article{gencalibration3,
      author         = "Cascales, Juan F. G. and Uranga, Angel M.",
      title          = "{Branes on generalized calibrated submanifolds}",
      journal        = "JHEP",
      volume         = "11",
      year           = "2004",
      pages          = "083",
      doi            = "10.1088/1126-6708/2004/11/083",
      eprint         = "hep-th/0407132",
      archivePrefix  = "arXiv",
      primaryClass   = "hep-th",
      reportNumber   = "FTUAM-04-13, IFT-UAM-CSIC-04-33",
      SLACcitation   = "%%CITATION = HEP-TH/0407132;%%"
}

@article{gencalibration4,
      author         = "Martucci, Luca and Smyth, Paul",
      title          = "{Supersymmetric D-branes and calibrations on general N=1
                        backgrounds}",
      journal        = "JHEP",
      volume         = "11",
      year           = "2005",
      pages          = "048",
      doi            = "10.1088/1126-6708/2005/11/048",
      eprint         = "hep-th/0507099",
      archivePrefix  = "arXiv",
      primaryClass   = "hep-th",
      reportNumber   = "IMPERIAL-TP-050701, KUL-TF-05-16",
      SLACcitation   = "%%CITATION = HEP-TH/0507099;%%"
}

@misc{stellereview,
	Author = {K. S. Stelle},
	Eprint = {arXiv:1203.4689},
	Title = {String Theory, Unification and Quantum Gravity},
	Url = {http://arxiv.org/pdf/1203.4689v1.pdf},
	Year = {2012},
	Bdsk-Url-1 = {http://arxiv.org/pdf/1203.4689v1.pdf}
	}

@misc{popeKK,
	Author = {C. N. Pope},
	Eprint = {http://people.physics.tamu.edu/pope/ihplec.pdf},
	Title = {Lectures on Kaluza-Klein Theory},
	Url = {http://people.physics.tamu.edu/pope/ihplec.pdf},
	Year = {},
	Bdsk-Url-1 = {http://people.physics.tamu.edu/pope/ihplec.pdf}
	}
	
@article{duffKK,
      author         = "Duff, M. J. and Nilsson, B. E. W. and Pope, C. N.",
      title          = "{Kaluza-Klein Supergravity}",
      journal        = "Phys. Rept.",
      volume         = "130",
      year           = "1986",
      pages          = "1-142",
      doi            = "10.1016/0370-1573(86)90163-8",
      SLACcitation   = "%%CITATION = PRPLC,130,1;%%"
	}

@article{DuffReviewComp,
	Author = {Michael R. Douglas and Shamit Kachru},
	Title = {Flux Compactification},
	Year = {2006},
	Eprint = {arXiv:hep-th/0610102},
	Howpublished = {Rev.Mod.Phys.79:733-796,2007},
	Doi = {10.1103/RevModPhys.79.733},
	}

@article{MarianaFluxReview,
      author         = "Gra\~na, Mariana",
      title          = "{Flux compactifications in string theory: A Comprehensive review}",
      journal        = "Phys. Rept.",
      volume         = "423",
      year           = "2006",
      pages          = "91-158",
      doi            = "10.1016/j.physrep.2005.10.008",
      eprint         = "hep-th/0509003",
      archivePrefix  = "arXiv",
      primaryClass   = "hep-th",
      reportNumber   = "LPTENS-05-26, CPHT-RR-049-0805",
      SLACcitation   = "%%CITATION = HEP-TH/0509003;%%"
	}

@article{LustReviewComp,
	author         = "Blumenhagen, Ralph and Kors, Boris and Lust, Dieter and Stieberger, Stephan",
	title          = "{Four-dimensional String Compactifications with D-Branes, Orientifolds and Fluxes}",
	journal        = "Phys. Rept.",
	volume         = "445",
	year           = "2007",
	pages          = "1-193",
	doi            = "10.1016/j.physrep.2007.04.003",
	eprint         = "hep-th/0610327",
	archivePrefix  = "arXiv",
	primaryClass   = "hep-th",
	reportNumber   = "CERN-PH-TH-2006-218",
	SLACcitation   = "%%CITATION = HEP-TH/0610327;%%"
	}

@article{TheisReviewComp,
	author         = "Font, A. and Theisen, S.",
	title          = "{Introduction to string compactification}",
	booktitle      = "{Geometric and topological methods for quantum field
                        theory. Proceedings, Summer School, Villa de Leyva,
                        Colombia, July 7-27, 2003}",
	journal        = "Lect. Notes Phys.",
	volume         = "668",
	year           = "2005",
	pages          = "101-181",
	doi            = "10.1007/11374060_3",
	SLACcitation   = "%%CITATION = LNPHA,668,101;%%"
	}

@article{fluxcomp1,
      author         = "Giddings, Steven B. and Kachru, Shamit and Polchinski,
                        Joseph",
      title          = "{Hierarchies from fluxes in string compactifications}",
      journal        = "Phys. Rev.",
      volume         = "D66",
      year           = "2002",
      pages          = "106006",
      doi            = "10.1103/PhysRevD.66.106006",
      eprint         = "hep-th/0105097",
      archivePrefix  = "arXiv",
      primaryClass   = "hep-th",
      reportNumber   = "SLAC-PUB-8807, NSF-ITP-01-37, SU-ITP-01-16",
      SLACcitation   = "%%CITATION = HEP-TH/0105097;%%"
	}

@article{fluxcomp2,
      author         = "Polchinski, Joseph and Strominger, Andrew",
      title          = "{New vacua for type II string theory}",
      journal        = "Phys. Lett.",
      volume         = "B388",
      year           = "1996",
      pages          = "736-742",
      doi            = "10.1016/S0370-2693(96)01219-1",
      eprint         = "hep-th/9510227",
      archivePrefix  = "arXiv",
      primaryClass   = "hep-th",
      reportNumber   = "UCSBTH-95-30, NSF-ITP-95-136",
      SLACcitation   = "%%CITATION = HEP-TH/9510227;%%"
	}
	
@article{fluxcomp3,
      author         = "Michelson, Jeremy",
      title          = "{Compactifications of type IIB strings to four-dimensions
                        with nontrivial classical potential}",
      journal        = "Nucl. Phys.",
      volume         = "B495",
      year           = "1997",
      pages          = "127-148",
      doi            = "10.1016/S0550-3213(97)00184-3",
      eprint         = "hep-th/9610151",
      archivePrefix  = "arXiv",
      primaryClass   = "hep-th",
      reportNumber   = "UCSB-TH-96-25",
      SLACcitation   = "%%CITATION = HEP-TH/9610151;%%"
}

@article{schschw,
	Author = {Scherk, Joel and Schwarz, John H.},
	Doi = {10.1016/0550-3213(79)90592-3},
	Journal = {Nucl.Phys.},
	Pages = {61-88},
	Reportnumber = {LPTENS-79-2},
	Slaccitation = {%%CITATION = NUPHA,B153,61;%%},
	Title = {{How to Get Masses from Extra Dimensions}},
	Volume = {B153},
	Year = {1979},
	Bdsk-Url-1 = {http://dx.doi.org/10.1016/0550-3213(79)90592-3}
	}
	
@article{Kaluza,
	Author = {Kaluza, Theodor},
	Journal = {Sitzungsber.Preuss.Akad.Wiss.Berlin (Math.Phys.)},
	Pages = {966-972},
	Slaccitation = {%%CITATION = SPWPA,1921,966;%%},
	Title = {{On the Problem of Unity in Physics}},
	Volume = {1921},
	Year = {1921}}

@article{Klein,
	Author = {Klein, O.},
	Doi = {10.1007/BF01397481},
	Journal = {Z.Phys.},
	Pages = {895-906},
	Slaccitation = {%%CITATION = ZEPYA,37,895;%%},
	Title = {{Quantum Theory and Five-Dimensional Theory of Relativity. (In German and English)}},
	Volume = {37},
	Year = {1926},
	Bdsk-Url-1 = {http://dx.doi.org/10.1007/BF01397481}
	}
	
@misc{moduliLect,
	Author = {Domcke, Valerie},
	booktitle = { Proceedings, Lectures at Spring Workshop on string theory, 2011.},
	Eprint = {http://www.desy.de/~westphal/workshop_seminar_spring_2011/moduli_stabilisation.pdf},
	Title = {Moduli stabilisation},
	Year = {2011}}	
	
@article{waldram1,
	Archiveprefix = {arXiv},
	Author = {Coimbra, Andre and Strickland-Constable, Charles and Waldram, Daniel},
	Doi = {10.1007/JHEP11(2011)091},
	Eprint = {1107.1733},
	Journal = {JHEP},
	Pages = {091},
	Primaryclass = {hep-th},
	Reportnumber = {IMPERIAL-TP-11-DW-01},
	Slaccitation = {CITATION = ARXIV:1107.1733;},
	Title = {{{Supergravity as Generalised Geometry I: Type II Theories}}},
	Volume = {1111},
	Year = {2011},
	Bdsk-Url-1 = {http://dx.doi.org/10.1007/JHEP11(2011)091}}


@article{waldram2,
	Archiveprefix = {arXiv},
	Author = {Coimbra, Andre and Strickland-Constable, Charles and Waldram, Daniel},
	Eprint = {1212.1586},
	Primaryclass = {hep-th},
	Reportnumber = {IMPERIAL-TP-12-DW-01},
	Slaccitation = {ARXIV:1212.1586},
	Title = {{Supergravity as Generalised Geometry II: $E_{d(d)} \times \mathbb{R}^+$ and M theory}},
	Year = {2012}}

@article{waldram3,
	Abstract = {Ten-dimensional type II supergravity can be reformulated as a generalised geometrical analogue of Ein- stein gravity, defined by an O(9, 1) Ã— O(1, 9) âŠ‚ O(10, 10) Ã— R+ structure on the generalised tangent space. To leading order in the fermion fields, this allow one to rewrite the action, equations of motion and supersymmetry variations in a simple, manifestly Spin(9, 1) Ã— Spin(1, 9)-covariant form.},
	Author = {A. Coimbra and C. Strickland-Constable and D. Waldram},
	Journal = {Fortschritte der Physik},
	Month = {February},
	Number = {3},
	Numpages = {5},
	Pages = {1236--1239},
	Title = {{{Generalised Geometry and type II Supergravity}}},
	Url = {http://arxiv.org/abs/1202.3170v1},
	Volume = {69},
	Year = {2012},
	Bdsk-Url-1 = {http://arxiv.org/abs/1202.3170v1}}

@article{waldram4,
	Archiveprefix = {arXiv},
	Author = {Coimbra, Andre and Strickland-Constable, Charles and Waldram, Daniel},
	Eprint = {1112.3989},
	Primaryclass = {hep-th},
	Reportnumber = {IMPERIAL-TP-11-DW-02},
	Slaccitation = {ARXIV:1112.3989},
	Title = {{{$E_{d(d)} \times \mathbb{R}^+$ Generalised Geometry, Connections and M theory}}},
	Year = {2011}
	}
	
@article{waldram5,
      author         = "Pires Pacheco, Paulo and Waldram, Daniel",
      title          = "{M-theory, exceptional generalised geometry and
                        superpotentials}",
      journal        = "JHEP",
      volume         = "09",
      year           = "2008",
      pages          = "123",
      doi            = "10.1088/1126-6708/2008/09/123",
      eprint         = "0804.1362",
      archivePrefix  = "arXiv",
      primaryClass   = "hep-th",
      reportNumber   = "IMPERIAL-TP-08-DW-01",
      SLACcitation   = "%%CITATION = ARXIV:0804.1362;%%"
	}
	
@article{Lunin:2005jy,
      author         = "Lunin, Oleg and Maldacena, Juan Martin",
      title          = "{Deforming field theories with U(1) x U(1) global
                        symmetry and their gravity duals}",
      journal        = "JHEP",
      volume         = "05",
      year           = "2005",
      pages          = "033",
      doi            = "10.1088/1126-6708/2005/05/033",
      eprint         = "hep-th/0502086",
      archivePrefix  = "arXiv",
      primaryClass   = "hep-th",
      SLACcitation   = "%%CITATION = HEP-TH/0502086;%%"
}

@article{Maldacena:1997re,
      author         = "Maldacena, Juan Martin",
      title          = "{The Large N limit of superconformal field theories and
                        supergravity}",
      journal        = "Int. J. Theor. Phys.",
      volume         = "38",
      year           = "1999",
      pages          = "1113-1133",
      doi            = "10.1023/A:1026654312961, 10.4310/ATMP.1998.v2.n2.a1",
      note           = "[Adv. Theor. Math. Phys.2,231(1998)]",
      eprint         = "hep-th/9711200",
      archivePrefix  = "arXiv",
      primaryClass   = "hep-th",
      reportNumber   = "HUTP-97-A097, HUTP-98-A097",
      SLACcitation   = "%%CITATION = HEP-TH/9711200;%%"
}

@article{Cassani:2016ncu,
      author         = "Cassani, Davide and de Felice, Oscar and Petrini, Michela
                        and Strickland-Constable, Charles and Waldram, Daniel",
      title          = "{Exceptional generalised geometry for massive IIA and
                        consistent reductions}",
      journal        = "JHEP",
      volume         = "08",
      year           = "2016",
      pages          = "074",
      doi            = "10.1007/JHEP08(2016)074",
      eprint         = "1605.00563",
      archivePrefix  = "arXiv",
      primaryClass   = "hep-th",
      SLACcitation   = "%%CITATION = ARXIV:1605.00563;%%"
}

@article{OColgain:2011ng,
      author         = "O Colgain, Eoin and Varela, Oscar",
      title          = "{Consistent reductions from D=11 beyond Sasaki-Einstein}",
      journal        = "Phys. Lett.",
      volume         = "B703",
      year           = "2011",
      pages          = "180-185",
      doi            = "10.1016/j.physletb.2011.07.063",
      eprint         = "1106.4781",
      archivePrefix  = "arXiv",
      primaryClass   = "hep-th",
      reportNumber   = "KIAS.P11034, AEI-2011-036",
      SLACcitation   = "%%CITATION = ARXIV:1106.4781;%%"
}

@article{Malek:2017cjn,
      author         = "Malek, Emanuel",
      title          = "{Half-maximal consistent truncations using exceptional
                        field theory}",
      booktitle      = "{Workshop on Geometry and Physics: in memoriam of Ioannis
                        Bakas Ringberg Castle, Tegernsee, Germany, November 20-25,
                        2016}",
      journal        = "PoS",
      volume         = "CORFU2016",
      year           = "2017",
      pages          = "125",
      eprint         = "1710.00297",
      archivePrefix  = "arXiv",
      primaryClass   = "hep-th",
      reportNumber   = "LMU-ASC-58-17",
      SLACcitation   = "%%CITATION = ARXIV:1710.00297;%%"
}

@article{CoimbraN1,
Author = {AndrÃ© Coimbra and Charles Strickland-Constable},
Title = {Generalised Structures for $\mathcal{N}=1$ AdS Backgrounds},
Year = {2015},
Eprint = {arXiv:1504.02465},
Doi = {10.1007/JHEP11(2016)092},
}

@article{AndCharSpecHol,
Author = {AndrÃ© Coimbra and Charles Strickland-Constable},
Title = {Supersymmetric Backgrounds, the Killing Superalgebra, and Generalised Special Holonomy},
Year = {2016},
Eprint = {arXiv:1606.09304},
Doi = {10.1007/JHEP11(2016)063},
}

@article{Roest:2009sn,
      author         = "Roest, Diederik and Samtleben, Henning",
      title          = "{Twin Supergravities}",
      journal        = "Class. Quant. Grav.",
      volume         = "26",
      year           = "2009",
      pages          = "155001",
      doi            = "10.1088/0264-9381/26/15/155001",
      eprint         = "0904.1344",
      archivePrefix  = "arXiv",
      primaryClass   = "hep-th",
      reportNumber   = "UG-09-04, ENSL-00374319",
      SLACcitation   = "%%CITATION = ARXIV:0904.1344;%%"
}

@article{DallAgata:2009wsi,
      author         = "Dall'Agata, Gianguido and Villadoro, Giovanni and
                        Zwirner, Fabio",
      title          = "{Type-IIA flux compactifications and N=4 gauged
                        supergravities}",
      journal        = "JHEP",
      volume         = "08",
      year           = "2009",
      pages          = "018",
      doi            = "10.1088/1126-6708/2009/08/018",
      eprint         = "0906.0370",
      archivePrefix  = "arXiv",
      primaryClass   = "hep-th",
      reportNumber   = "CERN-PH-TH-2009-075, DFPD-09-TH-10",
      SLACcitation   = "%%CITATION = ARXIV:0906.0370;%%"
}

@article{Inverso:2015viq,
      author         = "Inverso, Gianluca",
      title          = "{Electric-magnetic deformations of D = 4 gauged
                        supergravities}",
      journal        = "JHEP",
      volume         = "03",
      year           = "2016",
      pages          = "138",
      doi            = "10.1007/JHEP03(2016)138",
      eprint         = "1512.04500",
      archivePrefix  = "arXiv",
      primaryClass   = "hep-th",
      reportNumber   = "NIKHEF-2015-047",
      SLACcitation   = "%%CITATION = ARXIV:1512.04500;%%"
}

@article{Cvetic:1999au,
      author         = "Cvetic, Mirjam and Lu, Hong and Pope, C. N.",
      title          = "{Four-dimensional N=4, SO(4) gauged supergravity from D =
                        11}",
      journal        = "Nucl. Phys.",
      volume         = "B574",
      year           = "2000",
      pages          = "761-781",
      doi            = "10.1016/S0550-3213(99)00828-7",
      eprint         = "hep-th/9910252",
      archivePrefix  = "arXiv",
      primaryClass   = "hep-th",
      reportNumber   = "CTP-TAMU-42-99, UPR-864-T",
      SLACcitation   = "%%CITATION = HEP-TH/9910252;%%"
}

@article{Cvetic:2000yp,
      author         = "Cvetic, Mirjam and Lu, Hong and Pope, C. N.",
      title          = "{Consistent warped space Kaluza-Klein reductions, half
                        maximal gauged supergravities and $\mathbb{CP}^n$ constructions}",
      journal        = "Nucl. Phys.",
      volume         = "B597",
      year           = "2001",
      pages          = "172-196",
      doi            = "10.1016/S0550-3213(00)00708-2",
      eprint         = "hep-th/0007109",
      archivePrefix  = "arXiv",
      primaryClass   = "hep-th",
      reportNumber   = "CTP-TAMU-21-00, UPR-895-T",
      SLACcitation   = "%%CITATION = HEP-TH/0007109;%%"
}

@article{Ciceri:2016hup,
      author         = "Ciceri, Franz and Dibitetto, Giuseppe and
                        Fernandez-Melgarejo, J. J. and Guarino, Adolfo and
                        Inverso, Gianluca",
      title          = "{Double Field Theory at SL(2) angles}",
      year           = "2016",
      eprint         = "1612.05230",
      archivePrefix  = "arXiv",
      primaryClass   = "hep-th",
      SLACcitation   = "%%CITATION = ARXIV:1612.05230;%%"
}

@article{Malek:2016bpu,
      author         = "Malek, Emanuel",
      title          = "{7-dimensional ${\cal N}=2$ Consistent Truncations using
                        $\mathrm{SL}(5)$ Exceptional Field Theory}",
      year           = "2016",
      eprint         = "1612.01692",
      archivePrefix  = "arXiv",
      primaryClass   = "hep-th",
      reportNumber   = "LMU-ASC-61-16",
      SLACcitation   = "%%CITATION = ARXIV:1612.01692;%%"
}

@article{Malek:2016vsh,
      author         = "Malek, Emanuel",
      title          = "{From Exceptional Field Theory to Heterotic Double Field
                        Theory via K3}",
      year           = "2016",
      eprint         = "1612.01990",
      archivePrefix  = "arXiv",
      primaryClass   = "hep-th",
      reportNumber   = "LMU-ASC-62-16",
      SLACcitation   = "%%CITATION = ARXIV:1612.01990;%%"
}

@article{Romans:1985ps,
      author         = "Romans, L. J.",
      title          = "{Gauged $N=4$ Supergravities in Five-dimensions and Their
                        Magnetovac Backgrounds}",
      journal        = "Nucl. Phys.",
      volume         = "B267",
      year           = "1986",
      pages          = "433-447",
      doi            = "10.1016/0550-3213(86)90398-6",
      reportNumber   = "NSF-ITP-85-113",
      SLACcitation   = "%%CITATION = NUPHA,B267,433;%%"
}


@article{Lu:1999bw,
      author         = "Lu, Hong and Pope, C. N. and Tran, Tuan A.",
      title          = "{Five-dimensional N=4, SU(2) x U(1) gauged supergravity
                        from type IIB}",
      journal        = "Phys. Lett.",
      volume         = "B475",
      year           = "2000",
      pages          = "261-268",
      doi            = "10.1016/S0370-2693(00)00073-3",
      eprint         = "hep-th/9909203",
      archivePrefix  = "arXiv",
      primaryClass   = "hep-th",
      reportNumber   = "CTP-TAMU-41-99, UPR-862-T",
      SLACcitation   = "%%CITATION = HEP-TH/9909203;%%"
}

@article{Liu:2011dw,
      author         = "Liu, James T. and Szepietowski, Phillip",
      title          = "{Supersymmetry of consistent massive truncations of IIB
                        supergravity}",
      journal        = "Phys. Rev.",
      volume         = "D85",
      year           = "2012",
      pages          = "126010",
      doi            = "10.1103/PhysRevD.85.126010",
      eprint         = "1103.0029",
      archivePrefix  = "arXiv",
      primaryClass   = "hep-th",
      reportNumber   = "MCTP-11-10",
      SLACcitation   = "%%CITATION = ARXIV:1103.0029;%%"
}

@article{Hoxha:2000jf,
      author         = "Hoxha, P. and Martinez-Acosta, R. R. and Pope, C. N.",
      title          = "{Kaluza-Klein consistency, Killing vectors, and Kahler
                        spaces}",
      journal        = "Class. Quant. Grav.",
      volume         = "17",
      year           = "2000",
      pages          = "4207-4240",
      doi            = "10.1088/0264-9381/17/20/305",
      eprint         = "hep-th/0005172",
      archivePrefix  = "arXiv",
      primaryClass   = "hep-th",
      SLACcitation   = "%%CITATION = HEP-TH/0005172;%%"
}


@article{deWit:2007kvg,
      author         = "de Wit, Bernard and Samtleben, Henning and Trigiante,
                        Mario",
      title          = "{The Maximal D=4 supergravities}",
      journal        = "JHEP",
      volume         = "06",
      year           = "2007",
      pages          = "049",
      doi            = "10.1088/1126-6708/2007/06/049",
      eprint         = "0705.2101",
      archivePrefix  = "arXiv",
      primaryClass   = "hep-th",
      reportNumber   = "ITP-UU-07-26, SPIN-07-17, ENSL-00146707",
      SLACcitation   = "%%CITATION = ARXIV:0705.2101;%%"
}

@article{Riccioni:2007au,
      author         = "Riccioni, Fabio and West, Peter C.",
      title          = "{The E(11) origin of all maximal supergravities}",
      journal        = "JHEP",
      volume         = "07",
      year           = "2007",
      pages          = "063",
      doi            = "10.1088/1126-6708/2007/07/063",
      eprint         = "0705.0752",
      archivePrefix  = "arXiv",
      primaryClass   = "hep-th",
      reportNumber   = "KCL-MTH-07-04",
      SLACcitation   = "%%CITATION = ARXIV:0705.0752;%%"
}

@article{Cvetic:2003jy,
      author         = "Cvetic, Mirjam and Gibbons, G. W. and Lu, H. and Pope, C.
                        N.",
      title          = "{Consistent group and coset reductions of the bosonic
                        string}",
      journal        = "Class. Quant. Grav.",
      volume         = "20",
      year           = "2003",
      pages          = "5161-5194",
      doi            = "10.1088/0264-9381/20/23/013",
      eprint         = "hep-th/0306043",
      archivePrefix  = "arXiv",
      primaryClass   = "hep-th",
      reportNumber   = "DAMTP-2003-49, MIFP-03-12, UPR-0852-T",
      SLACcitation   = "%%CITATION = HEP-TH/0306043;%%"
}

@article{Berman:2012uy,
      author         = "Berman, David S. and Musaev, Edvard T. and Thompson,
                        Daniel C.",
      title          = "{Duality Invariant M-theory: Gauged supergravities and
                        Scherk-Schwarz reductions}",
      journal        = "JHEP",
      volume         = "10",
      year           = "2012",
      pages          = "174",
      doi            = "10.1007/JHEP10(2012)174",
      eprint         = "1208.0020",
      archivePrefix  = "arXiv",
      primaryClass   = "hep-th",
      SLACcitation   = "%%CITATION = ARXIV:1208.0020;%%"
}

@article{Aldazabal:2013mya,
      author         = "Aldazabal, G. and Gra\~na, M. and Marqu\'es, D. and
                        Rosabal, J. A.",
      title          = "{Extended geometry and gauged maximal supergravity}",
      journal        = "JHEP",
      volume         = "06",
      year           = "2013",
      pages          = "046",
      doi            = "10.1007/JHEP06(2013)046",
      eprint         = "1302.5419",
      archivePrefix  = "arXiv",
      primaryClass   = "hep-th",
      SLACcitation   = "%%CITATION = ARXIV:1302.5419;%%"
}

@article{Baguet:2015sma,
      author         = "Baguet, Arnaud and Hohm, Olaf and Samtleben, Henning",
      title          = "{Consistent Type IIB Reductions to Maximal 5D
                        Supergravity}",
      journal        = "Phys. Rev.",
      volume         = "D92",
      year           = "2015",
      number         = "6",
      pages          = "065004",
      doi            = "10.1103/PhysRevD.92.065004",
      eprint         = "1506.01385",
      archivePrefix  = "arXiv",
      primaryClass   = "hep-th",
      reportNumber   = "MIT-CTP-4670",
      SLACcitation   = "%%CITATION = ARXIV:1506.01385;%%"
}

@article{InversoGenSchSchw,
Author = {Gianluca Inverso},
Title = {Generalised Scherk-Schwarz reductions from gauged supergravity},
Year = {2017},
Eprint = {arXiv:1708.02589},
Doi = {10.1007/JHEP12(2017)124},
}

@article{SamtExcReview,
      author         = "Baguet, Arnaud and Hohm, Olaf and Samtleben, Henning",
      title          = "{E$_{6(6)}$ Exceptional Field Theory: Review and
                        Embedding of Type IIB}",
      booktitle      = "{Proceedings, 14th Hellenic School and Workshops on
                        Elementary Particle Physics and Gravity (CORFU2014)}",
      journal        = "PoS",
      volume         = "Corfu2014",
      year           = "2015",
      pages          = "133",
      eprint         = "1506.01065",
      archivePrefix  = "arXiv",
      primaryClass   = "hep-th",
      reportNumber   = "MIT-CTP-4669",
      SLACcitation   = "%%CITATION = ARXIV:1506.01065;%%"
}

@article{Ciceri:2014wya,
      author         = "Ciceri, Franz and de Wit, Bernard and Varela, Oscar",
      title          = "{IIB supergravity and the E$_{6(6)}$ covariant
                        vector-tensor hierarchy}",
      journal        = "JHEP",
      volume         = "04",
      year           = "2015",
      pages          = "094",
      doi            = "10.1007/JHEP04(2015)094",
      eprint         = "1412.8297",
      archivePrefix  = "arXiv",
      primaryClass   = "hep-th",
      reportNumber   = "NIKHEF-2014-052, ITP-UU-14-30, CPHT-RR097.1214",
      SLACcitation   = "%%CITATION = ARXIV:1412.8297;%%"
}

@article{TensorHier1,
Author = {Bernard de Wit and Hermann Nicolai and Henning Samtleben},
Title = {Gauged Supergravities, Tensor Hierarchies, and M-Theory},
Year = {2008},
Eprint = {arXiv:0801.1294},
Howpublished = {JHEP 0802:044,2008},
Doi = {10.1088/1126-6708/2008/02/044},
}

@article{E11Berg,
Author = {E. Bergshoeff and I. De Baetselier and T. Nutma},
Title = {E(11) and the Embedding Tensor},
Year = {2007},
Eprint = {arXiv:0705.1304},
Howpublished = {JHEP 0709:047,2007},
Doi = {10.1088/1126-6708/2007/09/047},
}

@article{E11PetW,
Author = {P. P. Cook and P. West},
Title = {Charge multiplets and masses for E(11)},
Year = {2008},
Eprint = {arXiv:0805.4451},
Howpublished = {JHEP 0811:091,2008},
Doi = {10.1088/1126-6708/2008/11/091},
}

@article{Godazgar:2013dma,
      author         = "Godazgar, Hadi and Godazgar, Mahdi and Nicolai, Hermann",
      title          = "{Generalised geometry from the ground up}",
      journal        = "JHEP",
      volume         = "02",
      year           = "2014",
      pages          = "075",
      doi            = "10.1007/JHEP02(2014)075",
      eprint         = "1307.8295",
      archivePrefix  = "arXiv",
      primaryClass   = "hep-th",
      reportNumber   = "AEI-2013-226",
      SLACcitation   = "%%CITATION = ARXIV:1307.8295;%%"
}

@article{Cowdall:1998rs,
      author         = "Cowdall, P. M.",
      title          = "{On gauged maximal supergravity in six-dimensions}",
      journal        = "JHEP",
      volume         = "06",
      year           = "1999",
      pages          = "018",
      doi            = "10.1088/1126-6708/1999/06/018",
      eprint         = "hep-th/9810041",
      archivePrefix  = "arXiv",
      primaryClass   = "hep-th",
      reportNumber   = "DAMTP-1998-137",
      SLACcitation   = "%%CITATION = HEP-TH/9810041;%%"
}


@article{Baguet:2015iou,
      author         = "Baguet, A. and Pope, C. N. and Samtleben, H.",
      title          = "{Consistent Pauli reduction on group manifolds}",
      journal        = "Phys. Lett.",
      volume         = "B752",
      year           = "2016",
      pages          = "278-284",
      doi            = "10.1016/j.physletb.2015.11.062",
      eprint         = "1510.08926",
      archivePrefix  = "arXiv",
      primaryClass   = "hep-th",
      reportNumber   = "MI-TH-1536",
      SLACcitation   = "%%CITATION = ARXIV:1510.08926;%%"
}

@article{henlect,
      author         = "Samtleben, Henning",
      title          = "{Lectures on Gauged Supergravity and Flux
                        Compactifications}",
      booktitle      = "{Strings, supergravity and gauge theories. Proceedings,
                        European RTN Winter School, CERN, Geneva, Switzerland,
                        January 21-25, 2008}",
      journal        = "Class. Quant. Grav.",
      volume         = "25",
      year           = "2008",
      pages          = "214002",
      doi            = "10.1088/0264-9381/25/21/214002",
      eprint         = "0808.4076",
      archivePrefix  = "arXiv",
      primaryClass   = "hep-th",
      reportNumber   = "ENSL-00315624",
      SLACcitation   = "%%CITATION = ARXIV:0808.4076;%%"
}

@article{AshmoreECY,
      author         = "Ashmore, Anthony and Waldram, Daniel",
      title          = "{Exceptional Calabi--Yau spaces: the geometry of
                        $\mathcal{N}=2$ backgrounds with flux}",
      year           = "2015",
      eprint         = "1510.00022",
      archivePrefix  = "arXiv",
      primaryClass   = "hep-th",
      reportNumber   = "IMPERIAL-TP-15-DW-02, UCB-PTH-15-09",
      SLACcitation   = "%%CITATION = ARXIV:1510.00022;%%"
}

@article{AshmoreESE,
      author         = "Ashmore, Anthony and Petrini, Michela and Waldram,
                        Daniel",
      title          = "{The exceptional generalised geometry of supersymmetric
                        AdS flux backgrounds}",
      journal        = "JHEP",
      volume         = "12",
      year           = "2016",
      pages          = "146",
      doi            = "10.1007/JHEP12(2016)146",
      eprint         = "1602.02158",
      archivePrefix  = "arXiv",
      primaryClass   = "hep-th",
      reportNumber   = "IMPERIAL-TP-16-DW-01",
      SLACcitation   = "%%CITATION = ARXIV:1602.02158;%%"
}

@article{AshmoreDef,
      author         = "Ashmore, Anthony and Gabella, Maxime and GraÃ±a, Mariana
                        and Petrini, Michela and Waldram, Daniel",
      title          = "{Exactly marginal deformations from exceptional
                        generalised geometry}",
      journal        = "JHEP",
      volume         = "01",
      year           = "2017",
      pages          = "124",
      doi            = "10.1007/JHEP01(2017)124",
      eprint         = "1605.05730",
      archivePrefix  = "arXiv",
      primaryClass   = "hep-th",
      reportNumber   = "IMPERIAL-TP-16-DW-03, IPHT-T16-035",
      SLACcitation   = "%%CITATION = ARXIV:1605.05730;%%"
}

@phdthesis{AshmoreTh,
	Author = {Ashmore, Anthony},
	Title = "{Generalised geometry for supersymmetric flux backgrounds, {P}h.{D}. thesis, {I}mperial {C}ollege {L}ondon}",
	Year = {2016}}

@article{Green:2010da,
      author         = "Green, Daniel and Komargodski, Zohar and Seiberg, Nathan
                        and Tachikawa, Yuji and Wecht, Brian",
      title          = "{Exactly Marginal Deformations and Global Symmetries}",
      journal        = "JHEP",
      volume         = "06",
      year           = "2010",
      pages          = "106",
      doi            = "10.1007/JHEP06(2010)106",
      eprint         = "1005.3546",
      archivePrefix  = "arXiv",
      primaryClass   = "hep-th",
      SLACcitation   = "%%CITATION = ARXIV:1005.3546;%%"
}

@article{Malek:2015hma,
      author         = "Malek, Emanuel and Samtleben, Henning",
      title          = "{Dualising consistent IIA/IIB truncations}",
      journal        = "JHEP",
      volume         = "12",
      year           = "2015",
      pages          = "029",
      doi            = "10.1007/JHEP12(2015)029",
      eprint         = "1510.03433",
      archivePrefix  = "arXiv",
      primaryClass   = "hep-th",
      reportNumber   = "LMU-ASC-64-15",
      SLACcitation   = "%%CITATION = ARXIV:1510.03433;%%"
}

@article{Hitchin:2004ut,
      author         = "Hitchin, Nigel",
      title          = "{Generalized Calabi-Yau manifolds}",
      journal        = "Quart. J. Math.",
      volume         = "54",
      year           = "2003",
      pages          = "281-308",
      doi            = "10.1093/qjmath/54.3.281",
      eprint         = "math/0209099",
      archivePrefix  = "arXiv",
      primaryClass   = "math-dg",
      SLACcitation   = "%%CITATION = MATH/0209099;%%"
}

@article{HitchinLect,
	Author = {Nigel Hitchin},
	Eprint = {arXiv/1008.0973},
	Title = {Lectures on generalized geometry},
	Year = {2010}
	}

@article{HitchinLagrangian,
	Author = {Nigel Hitchin},
	Eprint = {arXiv:math/9907034},
	Title = {Lectures on Special Lagrangian Submanifolds},
	Year = {1999}
	}

@article{HitchinBracket,
	Author = {Nigel Hitchin},
	Eprint = {arXiv:math/0508618},
	Title = {Brackets, forms and invariant functionals},
	Year = {2005}
	}

@article{Gualtieri2007,
	Author = {Marco Gualtieri},
	Eprint = {arXiv:math/0703298},
	Title = {Generalized complex geometry},
	Year = {2007}
	}
	
@misc{Cavalcanti1,
	Author = {Gil R. Cavalcanti},
	Eprint = {arXiv:1203.0497},
	Howpublished = {J. Symplectic Geom. 4 (2006), No. 3, 317-343},
	Title = {Reduction of metric structures on {C}ourant algebroids},
	Year = {2012}
	}
	
@phdthesis{Cavalcanti2,
	Author = {Gil R. Cavalcanti},
	Title = {New aspects of the ddc-lemma},
	school	= "Oxford U.",
	Year = {2005},
	Eprint = {arXiv:math/0501406},
	primaryClass   = "math-dg",
	SLACcitation   = "%%CITATION = MATH/0501406;%%"
	}
	
@phdthesis{baraglia,
	Arxiv = {math.DG/1101.0856v2},
	Author = {Baraglia, David},
	Title = {Generalized Geometry, {P}h.{D}. thesis, {A}delaide {U}niversity},
	Year = {2007},
	url = {http://hdl.handle.net/2440/37984},
	}

@article{baragliaLeib,
Author = {David Baraglia},
Title = {Leibniz algebroids, twistings and exceptional generalized geometry},
Year = {2011},
Eprint = {arXiv:1101.0856},
Howpublished = {Journal of Geometry and Physics 62 (2012), pp. 903-934},
Doi = {10.1016/j.geomphys.2012.01.007},
}

@phdthesis{WittTh,
	Author = {Frederik Witt},
	Title = {Special metric structures and closed forms},
	school = "Oxford U.",
	Year = {2005},
	Eprint = {arXiv:math/0502443},
	primaryClass   = "math-dg",
	SLACcitation   = "%%CITATION = MATH/0502443;%%"
	}

@misc{CavalcantiGualtieri,
	Author = {Gil R. Cavalcanti and Marco Gualtieri},
	Eprint = {arXiv:1106.1747},
	Howpublished = {A Celebration of the Mathematical Legacy of Raoul Bott (CRM Proceedings \& Lecture Notes), American Mathematical Society, 2010, pp. 341-366. ISBN: 0821847775},
	Title = {Generalized complex geometry and {T}-duality},
	Year = {2011}
	}

@article{PoissonGualt,
	Author = {Marco Gualtieri},
	Eprint = {arXiv:0710.2719},
	Title = {Branes on Poisson varieties},
	Year = {2007}
	}
	
@article{courhist,
	Author = {Yvette Kosmann-Schwarzbach},
	Doi = {10.3842/SIGMA.2013.014},
	Eprint = {arXiv/1212.0559},
	Title = {{Courant Algebroids. A Short History}},
	Year = {2013},
	Bdsk-Url-1 = {http://dx.doi.org/10.3842/SIGMA.2013.014}
	}
	
@article{Courant,
	Author = {Courant, T.},
	Journal = {Trans. Amer. Math. Soc.},
	Pages = {631-661},
	Title = {Dirac Manifolds},
	Volume = {319},
	Year = {1990}}

@misc{Severa,
	Author = {Pavol Severa and Alan Weinstein},
	Eprint = {arXiv:math/0107133},
	Howpublished = {Prog.Theor.Phys.Suppl. 144 (2001) 145-154},
	Title = {Poisson geometry with a 3-form background},
	Year = {2001}}

@inproceedings{CourWein,
	Address = {Paris},
	Author = {Courant, Theodore James and Weinstein, Alan},
	Booktitle = {Action Hamiltoniennes de Groupes. {T}roisi\`eme Th\'eor\`eme de {L}ie},
	Mrclass = {58F05 (17B65)},
	Mrkey = {0951168},
	Mrnumber = {0951168},
	Mrreviewer = {Richard Montgomery},
	Pages = {39--49},
	Publisher = {Hermann},
	Series = {Travaux en Cours},
	Title = {Beyond {P}oisson structures},
	Venue = {{L}yon, 1986},
	Volume = {27},
	Year = {1988},
	Zblnumber = {0698.58020}}

@article{KoerberReview,
	Author = {Paul Koerber},
	Doi = {10.1002/prop.201000083},
	Eprint = {arXiv/1006.1536},
	Title = {Lectures on Generalized Complex Geometry for Physicists},
	Year = {2010},
	Bdsk-Url-1 = {http://dx.doi.org/10.1002/prop.201000083}
	}
	
@article{petrini1,
	Archiveprefix = {arXiv},
	Author = {Gra\~na, Mariana and Minasian, Ruben and Petrini, Michela and Tomasiello, Alessandro},
	Doi = {10.1088/1126-6708/2005/11/020},
	Eprint = {hep-th/0505212},
	Journal = {JHEP},
	Pages = {020},
	Primaryclass = {hep-th},
	Reportnumber = {CPHT-RR-029-0505, SPHT-T05-079, LPTENS-05-16, SU-ITP-05-18},
	Slaccitation = {%%CITATION = HEP-TH/0505212;%%},
	Title = {{Generalized structures of ${N}=1$ vacua}},
	Volume = {0511},
	Year = {2005},
	Bdsk-Url-1 = {http://dx.doi.org/10.1088/1126-6708/2005/11/020}
	}

@article{petrini2,
      author         = "Grana, M. and Minasian, R. and Tomasiello, A. and
                        Petrini, M.",
      title          = "{Supersymmetric backgrounds from generalized Calabi-Yau
                        manifolds}",
      booktitle      = "{The quantum structure of space-time and the geometric
                        nature of fundamental interactions. Proceedings, 4th
                        Meeting, RTN2004, Kolymbari, Crete, Greece, September
                        5-10, 2004}",
      journal        = "Fortsch. Phys.",
      volume         = "53",
      year           = "2005",
      pages          = "885-893",
      doi            = "10.1002/prop.200410239",
      SLACcitation   = "%%CITATION = FPYKA,53,885;%%"
	}

@article{petrini3,
	Archiveprefix = {arXiv},
	Author = {Gra\~na, Mariana and Minasian, Ruben and Petrini, Michela and Waldram, Daniel},
	Doi = {10.1088/1126-6708/2009/04/075},
	Eprint = {0807.4527},
	Journal = {JHEP},
	Pages = {075},
	Primaryclass = {hep-th},
	Reportnumber = {SPHT-T08-118, IMPERIAL-TP-08-DW-02},
	Slaccitation = {%%CITATION = ARXIV:0807.4527;%%},
	Title = {{T-duality, Generalized Geometry and Non-Geometric Backgrounds}},
	Volume = {0904},
	Year = {2009},
	Bdsk-Url-1 = {http://dx.doi.org/10.1088/1126-6708/2009/04/075}
	}

@article{petrini4,
      author         = "Minasian, Ruben and Petrini, Michela and Zaffaroni,
                        Alberto",
      title          = "{Gravity duals to deformed SYM theories and Generalized
                        Complex Geometry}",
      journal        = "JHEP",
      volume         = "12",
      year           = "2006",
      pages          = "055",
      doi            = "10.1088/1126-6708/2006/12/055",
      eprint         = "hep-th/0606257",
      archivePrefix  = "arXiv",
      primaryClass   = "hep-th",
      reportNumber   = "SPHT-T06-068, BICOCCA-FT-06-12",
      SLACcitation   = "%%CITATION = HEP-TH/0606257;%%"
	}	

@article{ZabzineReview,
      author         = "Zabzine, Maxim",
      title          = "{Lectures on Generalized Complex Geometry and
                        Supersymmetry}",
      booktitle      = "{Proceedings, 26th Winter School on Geometry and Physics:
                        SrnÃ­, Czech Republic, Jan 14-21, 2006}",
      journal        = "Archivum Math.",
      volume         = "42",
      year           = "2006",
      pages          = "119-146",
      eprint         = "hep-th/0605148",
      archivePrefix  = "arXiv",
      primaryClass   = "hep-th",
      reportNumber   = "UUITP-06-06",
      SLACcitation   = "%%CITATION = HEP-TH/0605148;%%"
}

@article{RubenTom,
      author         = "Lindstrom, Ulf and Minasian, Ruben and Tomasiello,
                        Alessandro and Zabzine, Maxim",
      title          = "{Generalized complex manifolds and supersymmetry}",
      journal        = "Commun. Math. Phys.",
      volume         = "257",
      year           = "2005",
      pages          = "235-256",
      doi            = "10.1007/s00220-004-1265-6",
      eprint         = "hep-th/0405085",
      archivePrefix  = "arXiv",
      primaryClass   = "hep-th",
      reportNumber   = "UUITP-09-04, HIP-2004-17-TH, CPHT-RR-018-0504,
                        LPTHE-04-08",
      SLACcitation   = "%%CITATION = HEP-TH/0405085;%%"
}

	@article{RubenDan,
      author         = "Coimbra, AndrÃ© and Minasian, Ruben and Triendl, Hagen
                        and Waldram, Daniel",
      title          = "{Generalised geometry for string corrections}",
      journal        = "JHEP",
      volume         = "11",
      year           = "2014",
      pages          = "160",
      doi            = "10.1007/JHEP11(2014)160",
      eprint         = "1407.7542",
      archivePrefix  = "arXiv",
      primaryClass   = "hep-th",
      reportNumber   = "CERN-PH-TH-2014-138, IMPERIAL-TP-2014-DW-03,
                        IPHT-T14-105, ITP-UH-12-14, --ITP-UH-12-14",
      SLACcitation   = "%%CITATION = ARXIV:1407.7542;%%"
}

@article{DallAgata:2011aa,
      author         = "Dall'Agata, G. and Inverso, G.",
      title          = "{On the Vacua of N = 8 Gauged Supergravity in 4
                        Dimensions}",
      journal        = "Nucl. Phys.",
      volume         = "B859",
      year           = "2012",
      pages          = "70-95",
      doi            = "10.1016/j.nuclphysb.2012.01.023",
      eprint         = "1112.3345",
      archivePrefix  = "arXiv",
      primaryClass   = "hep-th",
      reportNumber   = "DFPD-11-TH-17, ROM2F-2011-18",
      SLACcitation   = "%%CITATION = ARXIV:1112.3345;%%"
}

@article{Cassani:2009ck,
      author         = "Cassani, Davide and Kashani-Poor, Amir-Kian",
      title          = "{Exploiting N=2 in consistent coset reductions of type
                        IIA}",
      journal        = "Nucl. Phys.",
      volume         = "B817",
      year           = "2009",
      pages          = "25-57",
      doi            = "10.1016/j.nuclphysb.2009.03.011",
      eprint         = "0901.4251",
      archivePrefix  = "arXiv",
      primaryClass   = "hep-th",
      reportNumber   = "IHES-P-09-03, LPTENS-09-02, ROM2F-2009-01",
      SLACcitation   = "%%CITATION = ARXIV:0901.4251;%%"
}

@article{Gallerati:2014xra,
      author         = "Gallerati, Antonio and Samtleben, Henning and Trigiante,
                        Mario",
      title          = "{The $ \mathcal{N}>2 $ supersymmetric AdS vacua in
                        maximal supergravity}",
      journal        = "JHEP",
      volume         = "12",
      year           = "2014",
      pages          = "174",
      doi            = "10.1007/JHEP12(2014)174",
      eprint         = "1410.0711",
      archivePrefix  = "arXiv",
      primaryClass   = "hep-th",
      SLACcitation   = "%%CITATION = ARXIV:1410.0711;%%"
}

@article{Dall'Agata:2014ita,
      author         = "Dall'Agata, Gianguido and Inverso, Gianluca and Marrani,
                        Alessio",
      title          = "{Symplectic Deformations of Gauged Maximal Supergravity}",
      journal        = "JHEP",
      volume         = "07",
      year           = "2014",
      pages          = "133",
      doi            = "10.1007/JHEP07(2014)133",
      eprint         = "1405.2437",
      archivePrefix  = "arXiv",
      primaryClass   = "hep-th",
      reportNumber   = "DFPD-2014-TH-06, NIKHEF-2014-010",
      SLACcitation   = "%%CITATION = ARXIV:1405.2437;%%"
}

@article{Dall'Agata:2012bb,
      author         = "Dall'Agata, G. and Inverso, G. and Trigiante, M.",
      title          = "{Evidence for a family of SO(8) gauged supergravity
                        theories}",
      journal        = "Phys. Rev. Lett.",
      volume         = "109",
      year           = "2012",
      pages          = "201301",
      doi            = "10.1103/PhysRevLett.109.201301",
      eprint         = "1209.0760",
      archivePrefix  = "arXiv",
      primaryClass   = "hep-th",
      reportNumber   = "DFPD-12-TH-09, ROM2F-2012-09",
      SLACcitation   = "%%CITATION = ARXIV:1209.0760;%%"
}

@article{Hull:1988jw,
      author         = "Hull, C. M. and Warner, N. P.",
      title          = "{Noncompact Gaugings From Higher Dimensions}",
      journal        = "Class. Quant. Grav.",
      volume         = "5",
      year           = "1988",
      pages          = "1517",
      doi            = "10.1088/0264-9381/5/12/005",
      reportNumber   = "Print-88-0264 (CERN), IMPERIAL-TH/87-88/17",
      SLACcitation   = "%%CITATION = CQGRD,5,1517;%%"
}

@article{Cvetic:2000nc,
      author         = "Cvetic, Mirjam and Lu, Hong and Pope, C. N. and
                        Sadrzadeh, A. and Tran, Tuan A.",
      title          = "{Consistent SO(6) reduction of type IIB supergravity on
                        $S^5$}",
      journal        = "Nucl. Phys.",
      volume         = "B586",
      year           = "2000",
      pages          = "275-286",
      doi            = "10.1016/S0550-3213(00)00372-2",
      eprint         = "hep-th/0003103",
      archivePrefix  = "arXiv",
      primaryClass   = "hep-th",
      reportNumber   = "CTP-TAMU-08-00, UPR-879-T",
      SLACcitation   = "%%CITATION = HEP-TH/0003103;%%"
}

@article{Nastase:1999kf,
      author         = "Nastase, Horatiu and Vaman, Diana and van Nieuwenhuizen,
                        Peter",
      title          = "{Consistency of the $AdS_7 \times S_4$ reduction and the
                        origin of selfduality in odd dimensions}",
      journal        = "Nucl. Phys.",
      volume         = "B581",
      year           = "2000",
      pages          = "179-239",
      doi            = "10.1016/S0550-3213(00)00193-0",
      eprint         = "hep-th/9911238",
      archivePrefix  = "arXiv",
      primaryClass   = "hep-th",
      reportNumber   = "ITP-SB-99-56",
      SLACcitation   = "%%CITATION = HEP-TH/9911238;%%"
}

@article{deWit:1986oxb,
      author         = "de Wit, B. and Nicolai, H.",
      title          = "{The Consistency of the $S^7$ Truncation in $d=11$
                        Supergravity}",
      journal        = "Nucl. Phys.",
      volume         = "B281",
      year           = "1987",
      pages          = "211",
      doi            = "10.1016/0550-3213(87)90253-7",
      reportNumber   = "CERN-TH-4359/86",
      SLACcitation   = "%%CITATION = NUPHA,B281,211;%%"
}

@article{deWitNicolSU8,
      author         = "de Wit, B. and Nicolai, H.",
      title          = "{$d=11$ Supergravity With Local SU(8) Invariance}",
      journal        = "Nucl. Phys.",
      volume         = "B274",
      year           = "1986",
      pages          = "363-400",
      doi            = "10.1016/0550-3213(86)90290-7",
      reportNumber   = "CERN-TH-4347/86",
      SLACcitation   = "%%CITATION = NUPHA,B274,363;%%"
}

@article{NicolaiSO16,
      author         = "Nicolai, H.",
      title          = "{$D=11$ Supergravity With Local SO(16) Invariance}",
      journal        = "Phys. Lett.",
      volume         = "B187",
      year           = "1987",
      pages          = "316-320",
      doi            = "10.1016/0370-2693(87)91102-6",
      reportNumber   = "KA-THEP-10/86",
      SLACcitation   = "%%CITATION = PHLTA,B187,316;%%"
}

@article{NicolaiN16,
      author         = "Nicolai, H. and Warner, N. P.",
      title          = "{The Structure of $N=16$ Supergravity in Two-dimensions}",
      journal        = "Commun. Math. Phys.",
      volume         = "125",
      year           = "1989",
      pages          = "369",
      doi            = "10.1007/BF01218408",
      reportNumber   = "DESY-88-129, CERN-TH-5154/88",
      SLACcitation   = "%%CITATION = CMPHA,125,369;%%"
}

@article{NicolaiSamt,
      author         = "Koepsell, K. and Nicolai, H. and Samtleben, H.",
      title          = "{An Exceptional geometry for D = 11 supergravity?}",
      journal        = "Class. Quant. Grav.",
      volume         = "17",
      year           = "2000",
      pages          = "3689-3702",
      doi            = "10.1088/0264-9381/17/18/308",
      eprint         = "hep-th/0006034",
      archivePrefix  = "arXiv",
      primaryClass   = "hep-th",
      reportNumber   = "AEI-2000-009, LPTENS-00-24",
      SLACcitation   = "%%CITATION = HEP-TH/0006034;%%"
}

@article{deWitNicolHidden,
      author         = "de Wit, Bernard and Nicolai, Hermann",
      title          = "{Hidden symmetries, central charges and all that}",
      booktitle      = "{M-theory and dualities. Proceedings, 2nd Guersey
                        Memorial Conference, Istanbul, Turkey, June 19-23, 2000}",
      journal        = "Class. Quant. Grav.",
      volume         = "18",
      year           = "2001",
      pages          = "3095-3112",
      doi            = "10.1088/0264-9381/18/16/302",
      eprint         = "hep-th/0011239",
      archivePrefix  = "arXiv",
      primaryClass   = "hep-th",
      reportNumber   = "AEI-2000-072, ITP-UU-00-29, SPIN-00-27",
      SLACcitation   = "%%CITATION = HEP-TH/0011239;%%"
}

@article{Howe:1997qt,
      author         = "Howe, Paul S. and Lambert, N. D. and West, Peter C.",
      title          = "{A New massive type IIA supergravity from
                        compactification}",
      journal        = "Phys. Lett.",
      volume         = "B416",
      year           = "1998",
      pages          = "303-308",
      doi            = "10.1016/S0370-2693(97)01199-4",
      eprint         = "hep-th/9707139",
      archivePrefix  = "arXiv",
      primaryClass   = "hep-th",
      reportNumber   = "KCL-TH-97-46",
      SLACcitation   = "%%CITATION = HEP-TH/9707139;%%"
}

@article{Kaloper:1999yr,
      author         = "Kaloper, Nemanja and Myers, Robert C.",
      title          = "{The Odd story of massive supergravity}",
      journal        = "JHEP",
      volume         = "05",
      year           = "1999",
      pages          = "010",
      doi            = "10.1088/1126-6708/1999/05/010",
      eprint         = "hep-th/9901045",
      archivePrefix  = "arXiv",
      primaryClass   = "hep-th",
      reportNumber   = "SU-ITP-98-19, MCGILL-98-30",
      SLACcitation   = "%%CITATION = HEP-TH/9901045;%%"
}

@article{Hull:2005hk,
      author         = "Hull, C. M. and Reid-Edwards, R. A.",
      title          = "{Flux compactifications of string theory on twisted
                        tori}",
      journal        = "Fortsch. Phys.",
      volume         = "57",
      year           = "2009",
      pages          = "862-894",
      doi            = "10.1002/prop.200900076",
      eprint         = "hep-th/0503114",
      archivePrefix  = "arXiv",
      primaryClass   = "hep-th",
      reportNumber   = "IMPERIAL-TP-050201, QMUL-PH-05-05",
      SLACcitation   = "%%CITATION = HEP-TH/0503114;%%"
}

@article{Hull:2006tp,
      author         = "Hull, C. M. and Reid-Edwards, R. A.",
      title          = "{Flux compactifications of M-theory on twisted Tori}",
      journal        = "JHEP",
      volume         = "10",
      year           = "2006",
      pages          = "086",
      doi            = "10.1088/1126-6708/2006/10/086",
      eprint         = "hep-th/0603094",
      archivePrefix  = "arXiv",
      primaryClass   = "hep-th",
      reportNumber   = "IMPERIAL-TP-06-RAR-02, QMUL-PH-06-04",
      SLACcitation   = "%%CITATION = HEP-TH/0603094;%%"
}

@article{Dall'Agata:2005ff,
      author         = "Dall'Agata, Gianguido and Ferrara, Sergio",
      title          = "{Gauged supergravity algebras from twisted tori
                        compactifications with fluxes}",
      journal        = "Nucl. Phys.",
      volume         = "B717",
      year           = "2005",
      pages          = "223-245",
      doi            = "10.1016/j.nuclphysb.2005.03.039",
      eprint         = "hep-th/0502066",
      archivePrefix  = "arXiv",
      primaryClass   = "hep-th",
      reportNumber   = "CERN-PH-TH-2005-021",
      SLACcitation   = "%%CITATION = HEP-TH/0502066;%%"
}

@article{D'Auria:2005er,
      author         = "D'Auria, R. and Ferrara, S. and Trigiante, M.",
      title          = "{E(7(7)) symmetry and dual gauge algebra of M-theory on a
                        twisted seven-torus}",
      journal        = "Nucl. Phys.",
      volume         = "B732",
      year           = "2006",
      pages          = "389-400",
      doi            = "10.1016/j.nuclphysb.2005.10.020",
      eprint         = "hep-th/0504108",
      archivePrefix  = "arXiv",
      primaryClass   = "hep-th",
      reportNumber   = "UCLA-05-TEP-12, CERN-PH-TH-2005-058",
      SLACcitation   = "%%CITATION = HEP-TH/0504108;%%"
}


@article{Scherk:1979zr,
      author         = "Scherk, Joel and Schwarz, John H.",
      title          = "{How to Get Masses from Extra Dimensions}",
      journal        = "Nucl. Phys.",
      volume         = "B153",
      year           = "1979",
      pages          = "61-88",
      doi            = "10.1016/0550-3213(79)90592-3",
      reportNumber   = "LPTENS-79-2",
      SLACcitation   = "%%CITATION = NUPHA,B153,61;%%"
}

@article{hull1,
      author         = "Hull, C. M.",
      title          = "{Generalised Geometry for M-Theory}",
      journal        = "JHEP",
      volume         = "07",
      year           = "2007",
      pages          = "079",
      doi            = "10.1088/1126-6708/2007/07/079",
      eprint         = "hep-th/0701203",
      archivePrefix  = "arXiv",
      primaryClass   = "hep-th",
      reportNumber   = "IMPERIAL-TP-2007-CMH-01",
      SLACcitation   = "%%CITATION = HEP-TH/0701203;%%"
}

@article{hull2,
      author         = "Hull, Chris and Zwiebach, Barton",
      title          = "{Double Field Theory}",
      journal        = "JHEP",
      volume         = "09",
      year           = "2009",
      pages          = "099",
      doi            = "10.1088/1126-6708/2009/09/099",
      eprint         = "0904.4664",
      archivePrefix  = "arXiv",
      primaryClass   = "hep-th",
      reportNumber   = "IMPERIAL-TP-2009-CH-02, MIT-CTP-4031",
      SLACcitation   = "%%CITATION = ARXIV:0904.4664;%%"
}

@article{hulldualities,
      author         = "Hull, C. M. and Townsend, P. K.",
      title          = "{Unity of superstring dualities}",
      journal        = "Nucl. Phys.",
      volume         = "B438",
      year           = "1995",
      pages          = "109-137",
      doi            = "10.1016/0550-3213(94)00559-W",
      eprint         = "hep-th/9410167",
      archivePrefix  = "arXiv",
      primaryClass   = "hep-th",
      reportNumber   = "QMW-94-30, DAMTP-R-94-33",
      SLACcitation   = "%%CITATION = HEP-TH/9410167;%%"
}

@article{samt1,
      author         = "Hohm, Olaf and Samtleben, Henning",
      title          = "{Exceptional field theory. II. E$_{7(7)}$}",
      journal        = "Phys. Rev.",
      volume         = "D89",
      year           = "2014",
      pages          = "066017",
      doi            = "10.1103/PhysRevD.89.066017",
      eprint         = "1312.4542",
      archivePrefix  = "arXiv",
      primaryClass   = "hep-th",
      reportNumber   = "MIT-CTP-4522",
      SLACcitation   = "%%CITATION = ARXIV:1312.4542;%%"
}

@article{samt2,
      author         = "Hohm, Olaf and Samtleben, Henning",
      title          = "{Exceptional Field Theory I: $E_{6(6)}$ covariant Form of
                        M-Theory and Type IIB}",
      journal        = "Phys. Rev.",
      volume         = "D89",
      year           = "2014",
      number         = "6",
      pages          = "066016",
      doi            = "10.1103/PhysRevD.89.066016",
      eprint         = "1312.0614",
      archivePrefix  = "arXiv",
      primaryClass   = "hep-th",
      reportNumber   = "MIT-CTP-4519",
      SLACcitation   = "%%CITATION = ARXIV:1312.0614;%%"
}

@article{Cvetic:2000dm,
      author         = "Cvetic, Mirjam and Lu, Hong and Pope, C. N.",
      title          = "{Consistent Kaluza-Klein sphere reductions}",
      journal        = "Phys. Rev.",
      volume         = "D62",
      year           = "2000",
      pages          = "064028",
      doi            = "10.1103/PhysRevD.62.064028",
      eprint         = "hep-th/0003286",
      archivePrefix  = "arXiv",
      primaryClass   = "hep-th",
      reportNumber   = "CTP-TAMU-10-00, UPR-881-T",
      SLACcitation   = "%%CITATION = HEP-TH/0003286;%%"
}

@article{Hohm:2011cp,
      author         = "Hohm, Olaf and Kwak, Seung Ki",
      title          = "{Massive Type II in Double Field Theory}",
      journal        = "JHEP",
      volume         = "11",
      year           = "2011",
      pages          = "086",
      doi            = "10.1007/JHEP11(2011)086",
      eprint         = "1108.4937",
      archivePrefix  = "arXiv",
      primaryClass   = "hep-th",
      reportNumber   = "MIT-CTP-4288",
      SLACcitation   = "%%CITATION = ARXIV:1108.4937;%%"
}

@article{Bergshoeff:1997ak,
      author         = "Bergshoeff, Eric and Lozano, Yolanda and Ortin, Tomas",
      title          = "{Massive branes}",
      journal        = "Nucl. Phys.",
      volume         = "B518",
      year           = "1998",
      pages          = "363-423",
      doi            = "10.1016/S0550-3213(98)00045-5",
      eprint         = "hep-th/9712115",
      archivePrefix  = "arXiv",
      primaryClass   = "hep-th",
      reportNumber   = "UG-8-97, QMW-PH-97-28, CERN-TH-97-229, IFT-UAM-CSIC-97-2",
      SLACcitation   = "%%CITATION = HEP-TH/9712115;%%"
}

@article{Bergshoeff:2006qw,
      author         = "Bergshoeff, Eric A. and de Roo, Mees and Kerstan, Sven F.
                        and Ortin, Tomas and Riccioni, Fabio",
      title          = "{IIA ten-forms and the gauge algebras of maximal
                        supergravity theories}",
      journal        = "JHEP",
      volume         = "07",
      year           = "2006",
      pages          = "018",
      doi            = "10.1088/1126-6708/2006/07/018",
      eprint         = "hep-th/0602280",
      archivePrefix  = "arXiv",
      primaryClass   = "hep-th",
      reportNumber   = "UG-06-03, IFT-UAM-CSIC-06-04, DAMTP-2005-111,
                        ROM2F-06-04",
      SLACcitation   = "%%CITATION = HEP-TH/0602280;%%"
}

@article{Salam:1984ft,
      author         = "Salam, Abdus and Sezgin, E.",
      title          = "{$d = 8$ supergravity}",
      journal        = "Nucl. Phys.",
      volume         = "B258",
      year           = "1985",
      pages          = "284",
      doi            = "10.1016/0550-3213(85)90613-3",
      reportNumber   = "IC-84-184",
      SLACcitation   = "%%CITATION = NUPHA,B258,284;%%"
}

@article{Varela:2015uca,
      author         = "Varela, Oscar",
      title          = "{AdS$_{4}$ solutions of massive IIA from dyonic ISO(7)
                        supergravity}",
      journal        = "JHEP",
      volume         = "03",
      year           = "2016",
      pages          = "071",
      doi            = "10.1007/JHEP03(2016)071",
      eprint         = "1509.07117",
      archivePrefix  = "arXiv",
      primaryClass   = "hep-th",
      SLACcitation   = "%%CITATION = ARXIV:1509.07117;%%"
}


@article{Guarino:2015qaa,
      author         = "Guarino, Adolfo and Varela, Oscar",
      title          = "{Dyonic ISO(7) supergravity and the duality hierarchy}",
      journal        = "JHEP",
      volume         = "02",
      year           = "2016",
      pages          = "079",
      doi            = "10.1007/JHEP02(2016)079",
      eprint         = "1508.04432",
      archivePrefix  = "arXiv",
      primaryClass   = "hep-th",
      SLACcitation   = "%%CITATION = ARXIV:1508.04432;%%"
}


@article{Grana:2009im,
      author         = "Gra\~na, Mariana and Louis, Jan and Sim, Aaron and Waldram,
                        Daniel",
      title          = "{$E_{7(7)}$ formulation of $N=2$ backgrounds}",
      journal        = "JHEP",
      volume         = "07",
      year           = "2009",
      pages          = "104",
      doi            = "10.1088/1126-6708/2009/07/104",
      eprint         = "0904.2333",
      archivePrefix  = "arXiv",
      primaryClass   = "hep-th",
      reportNumber   = "IPHT-T09-039, ZMP-HH-09-3, IMPERIAL-TP-2009-DW-01",
      SLACcitation   = "%%CITATION = ARXIV:0904.2333;%%"
}

@article{Hohm:2014qga,
      author         = "Hohm, Olaf and Samtleben, Henning",
      title          = "{Consistent Kaluza-Klein Truncations via Exceptional
                        Field Theory}",
      journal        = "JHEP",
      volume         = "01",
      year           = "2015",
      pages          = "131",
      doi            = "10.1007/JHEP01(2015)131",
      eprint         = "1410.8145",
      archivePrefix  = "arXiv",
      primaryClass   = "hep-th",
      reportNumber   = "MIT-CTP-4604",
      SLACcitation   = "%%CITATION = ARXIV:1410.8145;%%"
}

@article{Guarino:2015vca,
      author         = "Guarino, Adolfo and Varela, Oscar",
      title          = "{Consistent $ \mathcal{N}=8 $ truncation of massive IIA
                        on S$^{6}$}",
      journal        = "JHEP",
      volume         = "12",
      year           = "2015",
      pages          = "020",
      doi            = "10.1007/JHEP12(2015)020",
      eprint         = "1509.02526",
      archivePrefix  = "arXiv",
      primaryClass   = "hep-th",
      reportNumber   = "Nikhef-2015-032, CPHT-RR026.0815",
      SLACcitation   = "%%CITATION = ARXIV:1509.02526;%%"
}

@article{Chamseddine:1999uy,
      author         = "Chamseddine, Ali H. and Sabra, W. A.",
      title          = "{D = 7 SU(2) gauged supergravity from D = 10
                        supergravity}",
      journal        = "Phys. Lett.",
      volume         = "B476",
      year           = "2000",
      pages          = "415-419",
      doi            = "10.1016/S0370-2693(00)00129-5",
      eprint         = "hep-th/9911180",
      archivePrefix  = "arXiv",
      primaryClass   = "hep-th",
      reportNumber   = "CAMS-99-04",
      SLACcitation   = "%%CITATION = HEP-TH/9911180;%%"
}

@article{Cassani:2010na,
      author         = "Cassani, Davide and Faedo, Anton F.",
      title          = "{A Supersymmetric consistent truncation for conifold
                        solutions}",
      journal        = "Nucl. Phys.",
      volume         = "B843",
      year           = "2011",
      pages          = "455-484",
      doi            = "10.1016/j.nuclphysb.2010.10.010",
      eprint         = "1008.0883",
      archivePrefix  = "arXiv",
      primaryClass   = "hep-th",
      reportNumber   = "DFPD-2010-TH-14",
      SLACcitation   = "%%CITATION = ARXIV:1008.0883;%%"
}

@article{Slansky,
title = {{Group theory for unified model building}},
journal = "Physics Reports ",
volume = "79",
number = "1",
pages = "1 - 128",
year = "1981",
note = "",
issn = "0370-1573",
doi = "http://dx.doi.org/10.1016/0370-1573(81)90092-2",
url = "http://www.sciencedirect.com/science/article/pii/0370157381900922",
author = "R. Slansky",
abstract = "The results gathered here on simple Lie algebras have been selected with attention to the needs of unified model builders who study Yang-Mills theories based on simple, local-symmetry groups that contain as a subgroup the \{SUw2\} ÃƒÂ— Uw1 ÃƒÂ— \{SUc3\} symmetry of the standard theory of electromagnetic, weak, and strong interactions. The major topics include, after a brief review of the standard model and its unification into a simple group, the use of Dynkin diagrams to analyze the structure of the group generators and to keep track of the weights (quantum numbers) of the representation vectors; an analysis of the subgroup structure of simple groups, including explicit coordinatizations of the projections in weight space; lists of representations, tensor products and branching rules for a number of simple groups; and other details about groups and their representations that are often helpful for surveying unified models, including vector-coupling coefficient calculations. Tabulations of representations, tensor products, and branching rules for E6, SO10, SU6, F4, SO9, SU5, SO8, SO7, SU4, E7, E8, SU8, SO18, SO22, and for completeness, \{SU3\} are included. (These tables may have other applications.) Group-theoretical techniques for analyzing symmetry breaking are described in detail and many examples are reviewed, including explicit parameterizations of mass matrices. "
}

@article{DavideTriSas,
year={2012},
journal={Journal of High Energy Physics},
eid={86},
volume={2012},
number={1},
doi={10.1007/JHEP01(2012)086},
title={{Tri-Sasakian consistent reduction}},
url={http://dx.doi.org/10.1007/JHEP01%282012%29086},
publisher={Springer-Verlag},
keywords={Supergravity Models; M-Theory; Flux compactifications; Gauge-gravity correspondence},
author={Cassani, Davide and Koerber, Paul},
language={English}
}

@article{SE1,
      author         = "Collins, Tristan C. and SzÃ©kelyhidi, GÃ¡bor",
      title          = "{Sasaki-Einstein metrics and K-stability}",
      year           = "2015",
      eprint         = "1512.07213",
      archivePrefix  = "arXiv",
      primaryClass   = "math.DG",
      SLACcitation   = "%%CITATION = ARXIV:1512.07213;%%"
}

@article{SE2,
      author         = "Amariti, Antonio and Franco, Sebastian",
      title          = "{Free Energy vs Sasaki-Einstein Volume for Infinite
                        Families of M$2$-Brane Theories}",
      journal        = "JHEP",
      volume         = "09",
      year           = "2012",
      pages          = "034",
      doi            = "10.1007/JHEP09(2012)034",
      eprint         = "1204.6040",
      archivePrefix  = "arXiv",
      primaryClass   = "hep-th",
      reportNumber   = "UCSD-PTH-12-06, SLAC-PUB-14968, IPPP-12-23, DCPT-12-46",
      SLACcitation   = "%%CITATION = ARXIV:1204.6040;%%"
}

@article{SE3,
      author         = "Giataganas, Dimitrios",
      title          = "{String solutions in Sasaki-Einstein manifolds and their
                        marginally deformed versions}",
      booktitle      = "{String theory: Formal developments and applications.
                        Proceedings, ESF Summer School in High Energy Physics and
                        Astrophysics, Cargese, France, June 21-July 3, 2010}",
      journal        = "Nucl. Phys. Proc. Suppl.",
      volume         = "216",
      year           = "2011",
      pages          = "227-228",
      doi            = "10.1016/j.nuclphysbps.2011.04.163",
      SLACcitation   = "%%CITATION = NUPHZ,216,227;%%"
}

@article{SE4,
      author         = "O Colgain, Eoin and Varela, Oscar",
      title          = "{Consistent reductions from D=11 beyond Sasaki-Einstein}",
      journal        = "Phys. Lett.",
      volume         = "B703",
      year           = "2011",
      pages          = "180-185",
      doi            = "10.1016/j.physletb.2011.07.063",
      eprint         = "1106.4781",
      archivePrefix  = "arXiv",
      primaryClass   = "hep-th",
      reportNumber   = "KIAS.P11034, AEI-2011-036",
      SLACcitation   = "%%CITATION = ARXIV:1106.4781;%%"
}

@article{SE5,
      author         = "Liu, James T. and Szepietowski, Phillip and Zhao,
                        Zhichen",
      title          = "{Supersymmetric massive truncations of IIB supergravity
                        on Sasaki-Einstein manifolds}",
      journal        = "Phys. Rev.",
      volume         = "D82",
      year           = "2010",
      pages          = "124022",
      doi            = "10.1103/PhysRevD.82.124022",
      eprint         = "1009.4210",
      archivePrefix  = "arXiv",
      primaryClass   = "hep-th",
      reportNumber   = "MCTP-10-45",
      SLACcitation   = "%%CITATION = ARXIV:1009.4210;%%"
}

@misc{EncyclMath,
 	title={Encyclopedia of Mathematics, Supplement I},
 	author={Hazewinkel, Michiel},
 	year={1997},
 	publisher={Kluwer Academic Publishers, Dordrehct}
}

@article{SasakiReview,
Author = {Charles P. Boyer and Krzysztof Galicki},
Title = {On Sasakian-Einstein Geometry},
Year = {1998},
Eprint = {arXiv:math/9811098},
Howpublished = {Int.J.Math. 11 (2000) 873-909},
}

@article{TriSasakiReview,
Author = {Charles P. Boyer and Krzysztof Galicki},
Title = "{$3$-Sasakian Manifolds}",
Year = {1998},
Eprint = {arXiv:hep-th/9810250},
Howpublished = {Surveys Diff.Geom. 7 (1999) 123-184},
}

@article{FreundRubin,
	author = "{Freund, Peter and Rubin, Mark}",
	year = {1984},
	month = {01},
	pages = {233-235},
	title = "{Dynamics of dimensional reduction}",
	volume = {97},
	booktitle = {Physics Letters B}
}

@article{Stek,
Author = {Rafael Stekolshchik},
Title = {{Notes on Coxeter Transformations and the McKay correspondence}},
Year = {2005},
Eprint = {arXiv:math/0510216},
}

@Book{McKay,
title = { {Tables of representations of simple Lie algebras }},
author = { {McKay, W. G. and Patera, J.}},
publisher = { {Montr\`eal: Universit\`e de Montr\`eal, Centre de recherches math\`ematiques} },
year = { 1990 },
type = { Book },
isbn = { 2921120062 (v. 1) },
subjects = { Lie algebras -- Tables },
language = { English },
contents = { v. 1. Exceptional simple Lie algebras },
catalogue-url = { http://trove.nla.gov.au/work/19767554 }
}

@Book{LawsFoli,
	title = { {The Quantitative Theory of Foliations }},
	author = { {Lawson, H. Blaine Jr.}},
	publisher = { {American Mathematical Society } },
	year = { 1977 },
	type = { Book },
	isbn = { 978-1-4704-2387-2 },
	subjects = { Differential Topology },
	language = { English },
	contents = { v. 27. CBMS Regional Conference Series in Mathematics },
	catalogue-url = { https://bookstore.ams.org/cbms-27 }
}


@article{LieArt,
Author = {{Robert Feger and Thomas W. Kephart}},
Title = {{LieART -- A Mathematica Application for Lie Algebras and Representation Theory}},
Year = {2012},
Eprint = {arXiv:1206.6379},
}

@article{spheres,
      author         = "Lee, Kanghoon and Strickland-Constable, Charles and
                        Waldram, Daniel",
      title          = "{Spheres, generalised parallelisability and consistent
                        truncations}",
      year           = "2014",
      eprint         = "1401.3360",
      archivePrefix  = "arXiv",
      primaryClass   = "hep-th",
      reportNumber   = "IMPERIAL-TP-14-DW-01, ZMP-HH-14-3",
      SLACcitation   = "%%CITATION = ARXIV:1401.3360;%%",
}

@article{DavideSas1,
      author         = "Cassani, Davide and Dall'Agata, Gianguido and Faedo,
                        Anton F.",
      title          = "{Type IIB supergravity on squashed Sasaki-Einstein
                        manifolds}",
      journal        = "JHEP",
      volume         = "1005",
      pages          = "094",
      doi            = "10.1007/JHEP05(2010)094",
      year           = "2010",
      eprint         = "1003.4283",
      archivePrefix  = "arXiv",
      primaryClass   = "hep-th",
      reportNumber   = "DFPD-10-TH-4, LPTENS-10-15",
      SLACcitation   = "%%CITATION = ARXIV:1003.4283;%%",
}

@article{Gauntlett:2010vu,
      author         = "Gauntlett, Jerome P. and Varela, Oscar",
      title          = "{Universal Kaluza-Klein reductions of type IIB to N=4
                        supergravity in five dimensions}",
      journal        = "JHEP",
      volume         = "1006",
      pages          = "081",
      doi            = "10.1007/JHEP06(2010)081",
      year           = "2010",
      eprint         = "1003.5642",
      archivePrefix  = "arXiv",
      primaryClass   = "hep-th",
      reportNumber   = "IMPERIAL-TP-2010-JG-01, AEI-2010-044",
      SLACcitation   = "%%CITATION = ARXIV:1003.5642;%%",
}

@article{Gauntlett:2009zw,
      author         = "Gauntlett, Jerome P. and Kim, Seok and Varela, Oscar and
                        Waldram, Daniel",
      title          = "{Consistent supersymmetric Kaluza-Klein truncations with
                        massive modes}",
      journal        = "JHEP",
      volume         = "0904",
      pages          = "102",
      doi            = "10.1088/1126-6708/2009/04/102",
      year           = "2009",
      eprint         = "0901.0676",
      archivePrefix  = "arXiv",
      primaryClass   = "hep-th",
      reportNumber   = "IMPERIAL-TP-2009-JG-01",
      SLACcitation   = "%%CITATION = ARXIV:0901.0676;%%",
}

@article{Cassani:2011fu,
      author         = "Cassani, Davide and Koerber, Paul",
      title          = "{Tri-Sasakian consistent reduction}",
      journal        = "JHEP",
      volume         = "1201",
      pages          = "086",
      doi            = "10.1007/JHEP01(2012)086",
      year           = "2012",
      eprint         = "1110.5327",
      archivePrefix  = "arXiv",
      primaryClass   = "hep-th",
      SLACcitation   = "%%CITATION = ARXIV:1110.5327;%%",
}

@article{Cassani:2012pj,
      author         = "Cassani, Davide and Koerber, Paul and Varela, Oscar",
      title          = "{All homogeneous N=2 M-theory truncations with
                        supersymmetric AdS4 vacua}",
      journal        = "JHEP",
      volume         = "1211",
      pages          = "173",
      doi            = "10.1007/JHEP11(2012)173",
      year           = "2012",
      eprint         = "1208.1262",
      archivePrefix  = "arXiv",
      primaryClass   = "hep-th",
      SLACcitation   = "%%CITATION = ARXIV:1208.1262;%%",
}

@article{SparksSE,
      author         = "Sparks, James",
      title          = "{Sasaki-Einstein Manifolds}",
      journal        = "Surveys Diff. Geom.",
      volume         = "16",
      year           = "2011",
      pages          = "265-324",
      doi            = "10.4310/SDG.2011.v16.n1.a6",
      eprint         = "1004.2461",
      archivePrefix  = "arXiv",
      primaryClass   = "math.DG",
      SLACcitation   = "%%CITATION = ARXIV:1004.2461;%%"
}

@misc{contact1,
	Author = {John B. Etnyre},
	Title = {Introductory Lectures on Contact Geometry},
	Year = {2001},
	Eprint = {arXiv:math/0111118},
}

@article{Louis:2015dca,
      author         = "Louis, Jan and Triendl, Hagen and Zagermann, Marco",
      title          = "{$ \mathcal{N}=4 $ supersymmetric AdS$_{5}$ vacua and
                        their moduli spaces}",
      journal        = "JHEP",
      volume         = "10",
      year           = "2015",
      pages          = "083",
      doi            = "10.1007/JHEP10(2015)083",
      eprint         = "1507.01623",
      archivePrefix  = "arXiv",
      primaryClass   = "hep-th",
      reportNumber   = "CERN-PH-TH-2015-121, ITP-UH-13-15, ZMP-HH-15-13",
      SLACcitation   = "%%CITATION = ARXIV:1507.01623;%%"
}


@article{Triendl:2015rta,
      author         = "Triendl, Hagen",
      title          = "{Consistent truncations of M-theory for general SU(2)
                        structures}",
      year           = "2015",
      eprint         = "1505.05526",
      archivePrefix  = "arXiv",
      primaryClass   = "hep-th",
      reportNumber   = "CERN-PH-TH-2015-120",
      SLACcitation   = "%%CITATION = ARXIV:1505.05526;%%",
}

@article{Guarino:2015jca,
      author         = "Guarino, Adolfo and Jafferis, Daniel L. and Varela,
                        Oscar",
      title          = "{String Theory Origin of Dyonic N=8 Supergravity and Its
                        Chern-Simons Duals}",
      journal        = "Phys. Rev. Lett.",
      volume         = "115",
      year           = "2015",
      number         = "9",
      pages          = "091601",
      doi            = "10.1103/PhysRevLett.115.091601",
      eprint         = "1504.08009",
      archivePrefix  = "arXiv",
      primaryClass   = "hep-th",
      reportNumber   = "NIKHEF-2015-011",
      SLACcitation   = "%%CITATION = ARXIV:1504.08009;%%"
}

@article{Boonstra:1998mp,
      author         = "Boonstra, H.J. and Skenderis, K. and Townsend, P.K.",
      title          = "{The domain wall / QFT correspondence}",
      journal        = "JHEP",
      volume         = "9901",
      pages          = "003",
      doi            = "10.1088/1126-6708/1999/01/003",
      year           = "1999",
      eprint         = "hep-th/9807137",
      archivePrefix  = "arXiv",
      primaryClass   = "hep-th",
      reportNumber   = "KUL-TF-98-30",
      SLACcitation   = "%%CITATION = HEP-TH/9807137;%%",
}

@article{Cvetic:2000ah,
      author         = "Cvetic, Mirjam and Lu, Hong and Pope, C.N. and Sadrzadeh,
                        A. and Tran, Tuan A.",
      title          = "{$S^3$ and $S^4$ reductions of type IIA supergravity}",
      journal        = "Nucl.Phys.",
      volume         = "B590",
      pages          = "233-251",
      doi            = "10.1016/S0550-3213(00)00466-1",
      year           = "2000",
      eprint         = "hep-th/0005137",
      archivePrefix  = "arXiv",
      primaryClass   = "hep-th",
      reportNumber   = "CTP-TAMU-13-00, UPR-888-T",
      SLACcitation   = "%%CITATION = HEP-TH/0005137;%%",
}

@article{RomansMass,
      author         = "Romans, L. J.",
      title          = "{Massive N=2a Supergravity in Ten-Dimensions}",
      journal        = "Phys. Lett.",
      volume         = "B169",
      year           = "1986",
      pages          = "374",
      doi            = "10.1016/0370-2693(86)90375-8",
      reportNumber   = "NSF-ITP-85-148",
      SLACcitation   = "%%CITATION = PHLTA,B169,374;%%"
}

@article{Romans:1985tw,
      author         = "Romans, L.J.",
      title          = "{The F(4) Gauged Supergravity in Six-dimensions}",
      journal        = "Nucl.Phys.",
      volume         = "B269",
      pages          = "691",
      doi            = "10.1016/0550-3213(86)90517-1",
      year           = "1986",
      reportNumber   = "NSF-ITP-85-137",
      SLACcitation   = "%%CITATION = NUPHA,B269,691;%%",
}


@article{Cvetic:1999un,
      author         = "Cvetic, Mirjam and Lu, Hong and Pope, C.N.",
      title          = "{Gauged six-dimensional supergravity from massive type
                        IIA}",
      journal        = "Phys.Rev.Lett.",
      volume         = "83",
      pages          = "5226-5229",
      doi            = "10.1103/PhysRevLett.83.5226",
      year           = "1999",
      eprint         = "hep-th/9906221",
      archivePrefix  = "arXiv",
      primaryClass   = "hep-th",
      reportNumber   = "CTP-TAMU-27-99, UPR-851-T",
      SLACcitation   = "%%CITATION = HEP-TH/9906221;%%",
}

@article{Bergshoeff:2007ef,
      author         = "Bergshoeff, E. and Samtleben, H. and Sezgin, E.",
      title          = "{The Gaugings of Maximal D=6 Supergravity}",
      journal        = "JHEP",
      volume         = "0803",
      pages          = "068",
      doi            = "10.1088/1126-6708/2008/03/068",
      year           = "2008",
      eprint         = "0712.4277",
      archivePrefix  = "arXiv",
      primaryClass   = "hep-th",
      reportNumber   = "MIFP-07-33, UG-07-10",
      SLACcitation   = "%%CITATION = ARXIV:0712.4277;%%",
}

@article{Passias:2012vp,
      author         = "Passias, Achilleas",
      title          = "{A note on supersymmetric AdS$_6$ solutions of massive
                        type IIA supergravity}",
      journal        = "JHEP",
      volume         = "1301",
      pages          = "113",
      doi            = "10.1007/JHEP01(2013)113",
      year           = "2013",
      eprint         = "1209.3267",
      archivePrefix  = "arXiv",
      primaryClass   = "hep-th",
      SLACcitation   = "%%CITATION = ARXIV:1209.3267;%%",
}


@article{Passias:2015gya,
      author         = "Passias, Achilleas and Rota, Andrea and Tomasiello,
                        Alessandro",
      title          = "{Universal consistent truncation for 6d/7d gauge/gravity
                        duals}",
      journal        = "JHEP",
      volume         = "10",
      year           = "2015",
      pages          = "187",
      doi            = "10.1007/JHEP10(2015)187",
      eprint         = "1506.05462",
      archivePrefix  = "arXiv",
      primaryClass   = "hep-th",
      SLACcitation   = "%%CITATION = ARXIV:1506.05462;%%"
}

@article{Samtleben:2005bp,
      author         = "Samtleben, Henning and Weidner, Martin",
      title          = "{The Maximal D=7 supergravities}",
      journal        = "Nucl.Phys.",
      volume         = "B725",
      pages          = "383-419",
      doi            = "10.1016/j.nuclphysb.2005.07.028",
      year           = "2005",
      eprint         = "hep-th/0506237",
      archivePrefix  = "arXiv",
      primaryClass   = "hep-th",
      reportNumber   = "DESY-05-101, ZMP-HH-05-10",
      SLACcitation   = "%%CITATION = HEP-TH/0506237;%%",
}


@article{Danielsson:2013qfa,
      author         = "Danielsson, U.H. and Dibitetto, G. and Fazzi, M. and Van
                        Riet, T.",
      title          = "{A note on smeared branes in flux vacua and gauged
                        supergravity}",
      journal        = "JHEP",
      volume         = "1404",
      pages          = "025",
      doi            = "10.1007/JHEP04(2014)025",
      year           = "2014",
      eprint         = "1311.6470",
      archivePrefix  = "arXiv",
      primaryClass   = "hep-th",
      reportNumber   = "UUITP-19-33",
      SLACcitation   = "%%CITATION = ARXIV:1311.6470;%%",
}


@article{Karndumri:2014pla,
      author         = "Karndumri, Parinya",
      title          = "{$N =2$ $SO(4)$ 7D gauged supergravity with topological
                        mass term from 11 dimensions}",
      journal        = "JHEP",
      volume         = "1411",
      pages          = "063",
      doi            = "10.1007/JHEP11(2014)063",
      year           = "2014",
      eprint         = "1407.2762",
      archivePrefix  = "arXiv",
      primaryClass   = "hep-th",
      SLACcitation   = "%%CITATION = ARXIV:1407.2762;%%",
}

@article{Bodner:1990zm,
      author         = "Bodner, M. and Cadavid, A. C. and Ferrara, S.",
      title          = "{(2,2) vacuum configurations for type IIA superstrings:
                        N=2 supergravity Lagrangians and algebraic geometry}",
      journal        = "Class. Quant. Grav.",
      volume         = "8",
      year           = "1991",
      pages          = "789-808",
      doi            = "10.1088/0264-9381/8/5/005",
      reportNumber   = "UCLA-90-TEP-58, CERN-TH-5887-90",
      SLACcitation   = "%%CITATION = CQGRD,8,789;%%"
}

@article{Ferrara:1989ik,
      author         = "Ferrara, S. and Sabharwal, S.",
      title          = "{Quaternionic Manifolds for Type II Superstring Vacua of
                        Calabi-Yau Spaces}",
      journal        = "Nucl. Phys.",
      volume         = "B332",
      year           = "1990",
      pages          = "317-332",
      doi            = "10.1016/0550-3213(90)90097-W",
      reportNumber   = "UCLA/89/TEP/28, CERN-TH-5436/89",
      SLACcitation   = "%%CITATION = NUPHA,B332,317;%%"
}

@article{CeresoleN2,
Author = {L. Andrianopoli and M. Bertolini and A. Ceresole and R. D'Auria and S. Ferrara and P. Fre' and T. Magri},
Title = {N=2 Supergravity and N=2 Super Yang-Mills Theory on General Scalar Manifolds: Symplectic Covariance, Gaugings and the Momentum Map},
Year = {1996},
Eprint = {arXiv:hep-th/9605032},
Howpublished = {J.Geom.Phys.23:111-189,1997},
Doi = {10.1016/S0393-0440(97)00002-8},
}

@article{Dibitetto:2015bia,
      author         = "Dibitetto, Giuseppe and Fern\'andez-Melgarejo, Jose J. and
                        Marqu\'es, Diego",
      title          = "{All gaugings and stable de Sitter in D=7 half-maximal
                        supergravity}",
      year           = "2015",
      eprint         = "1506.01294",
      archivePrefix  = "arXiv",
      primaryClass   = "hep-th",
      SLACcitation   = "%%CITATION = ARXIV:1506.01294;%%",
}

@article{Gauntlett:2005ww,
      author         = "Gauntlett, Jerome P. and Martelli, Dario and Sparks,
                        James and Waldram, Daniel",
      title          = "{Supersymmetric AdS(5) solutions of type IIB
                        supergravity}",
      journal        = "Class.Quant.Grav.",
      volume         = "23",
      pages          = "4693-4718",
      doi            = "10.1088/0264-9381/23/14/009",
      year           = "2006",
      eprint         = "hep-th/0510125",
      archivePrefix  = "arXiv",
      primaryClass   = "hep-th",
      reportNumber   = "IMPERIAL-TP-041105, CERN-PH-TH-2005-184, HUTP-04-A0051",
      SLACcitation   = "%%CITATION = HEP-TH/0510125;%%",
}

@article{GauntlettGeomKill,
      author         = "Gauntlett, Jerome P. and Pakis, Stathis",
      title          = "{The Geometry of $D = 11$ killing spinors}",
      journal        = "JHEP",
      volume         = "04",
      year           = "2003",
      pages          = "039",
      doi            = "10.1088/1126-6708/2003/04/039",
      eprint         = "hep-th/0212008",
      archivePrefix  = "arXiv",
      primaryClass   = "hep-th",
      reportNumber   = "QMUL-PH-02-22",
      SLACcitation   = "%%CITATION = HEP-TH/0212008;%%"
}


@article{Gaiotto:2014kfa,
      author         = "Gaiotto, Davide and Kapustin, Anton and Seiberg, Nathan
                        and Willett, Brian",
      title          = "{Generalized Global Symmetries}",
      journal        = "JHEP",
      volume         = "1502",
      pages          = "172",
      doi            = "10.1007/JHEP02(2015)172",
      year           = "2015",
      eprint         = "1412.5148",
      archivePrefix  = "arXiv",
      primaryClass   = "hep-th",
      SLACcitation   = "%%CITATION = ARXIV:1412.5148;%%",
}


@article{DemSugra,
      author         = "Bergshoeff, Eric and Kallosh, Renata and Ortin, Tomas and
                        Roest, Diederik and Van Proeyen, Antoine",
      title          = "{New formulations of D = 10 supersymmetry and D8 - O8
                        domain walls}",
      journal        = "Class.Quant.Grav.",
      volume         = "18",
      pages          = "3359-3382",
      doi            = "10.1088/0264-9381/18/17/303",
      year           = "2001",
      eprint         = "hep-th/0103233",
      archivePrefix  = "arXiv",
      primaryClass   = "hep-th",
      reportNumber   = "UG-00-15, SU-ITP-01-09, IFT-UAM-CSIC-00-35, KUL-TF-01-06",
      SLACcitation   = "%%CITATION = HEP-TH/0103233;%%",
}

@article{Schon:2006kz,
      author         = "Schon, Jonas and Weidner, Martin",
      title          = "{Gauged N=4 supergravities}",
      journal        = "JHEP",
      volume         = "05",
      year           = "2006",
      pages          = "034",
      doi            = "10.1088/1126-6708/2006/05/034",
      eprint         = "hep-th/0602024",
      archivePrefix  = "arXiv",
      primaryClass   = "hep-th",
      reportNumber   = "DESY-06-009, ZMP-HH-06-01",
      SLACcitation   = "%%CITATION = HEP-TH/0602024;%%"
}

@article{magnin,
      author         = "Magnin, L.",
      title          = "{Sur les alg\`ebres de Lie nilpotentes de dimension $\le$ 7}",
      journal        = "J. Geom. Phys.",
      volume         = "3",
      pages          = "119",
      year           = "1986",
}

@article{Grana:2008yw,
      author         = "Gra\~na, Mariana and Minasian, Ruben and Petrini, Michela
                        and Waldram, Daniel",
      title          = "{T-duality, Generalized Geometry and Non-Geometric
                        Backgrounds}",
      journal        = "JHEP",
      volume         = "04",
      year           = "2009",
      pages          = "075",
      doi            = "10.1088/1126-6708/2009/04/075",
      eprint         = "0807.4527",
      archivePrefix  = "arXiv",
      primaryClass   = "hep-th",
      reportNumber   = "SPHT-T08-118, IMPERIAL-TP-08-DW-02",
      SLACcitation   = "%%CITATION = ARXIV:0807.4527;%%"
}

@article{Grana:2006kf,
      author         = "Gra\~na, Mariana and Minasian, Ruben and Petrini, Michela
                        and Tomasiello, Alessandro",
      title          = "{A Scan for new N=1 vacua on twisted tori}",
      journal        = "JHEP",
      volume         = "05",
      year           = "2007",
      pages          = "031",
      doi            = "10.1088/1126-6708/2007/05/031",
      eprint         = "hep-th/0609124",
      archivePrefix  = "arXiv",
      primaryClass   = "hep-th",
      reportNumber   = "SPHT-T06-094, SU-ITP-06-23",
      SLACcitation   = "%%CITATION = HEP-TH/0609124;%%"
}

@article{Strickland-Constable:2013xta,
      author         = "Strickland-Constable, Charles",
      title          = "{Subsectors, Dynkin Diagrams and New Generalised
                        Geometries}",
      year           = "2013",
      eprint         = "1310.4196",
      archivePrefix  = "arXiv",
      primaryClass   = "hep-th",
      reportNumber   = "ZMP-HH-13-19",
      SLACcitation   = "%%CITATION = ARXIV:1310.4196;%%"
}

@article{Lee:2015xga,
      author         = "Lee, Kanghoon and Strickland-Constable, Charles and
                        Waldram, Daniel",
      title          = "{New gaugings and non-geometry}",
      year           = "2015",
      eprint         = "1506.03457",
      archivePrefix  = "arXiv",
      primaryClass   = "hep-th",
      reportNumber   = "IMPERIAL-TP-15-DW-01, IPHT-T15-077, Q15003,
                        UCB-PTH-15-01",
      SLACcitation   = "%%CITATION = ARXIV:1506.03457;%%"
}

@article{Tsimpis:2005vu,
      author         = "Tsimpis, Dimitrios",
      title          = "{Massive IIA supergravities}",
      journal        = "JHEP",
      volume         = "10",
      year           = "2005",
      pages          = "057",
      doi            = "10.1088/1126-6708/2005/10/057",
      eprint         = "hep-th/0508214",
      archivePrefix  = "arXiv",
      primaryClass   = "hep-th",
      reportNumber   = "MPP-2005-87",
      SLACcitation   = "%%CITATION = HEP-TH/0508214;%%"
}

@article{Lavrinenko:1997qa,
      author         = "Lavrinenko, I. V. and Lu, Hong and Pope, C. N.",
      title          = "{Fiber bundles and generalized dimensional reduction}",
      journal        = "Class. Quant. Grav.",
      volume         = "15",
      year           = "1998",
      pages          = "2239-2256",
      doi            = "10.1088/0264-9381/15/8/008",
      eprint         = "hep-th/9710243",
      archivePrefix  = "arXiv",
      primaryClass   = "hep-th",
      reportNumber   = "CTP-TAMU-43-97, LPTENS-97-50",
      SLACcitation   = "%%CITATION = HEP-TH/9710243;%%"
}

@article{LeDiffon:2008sh,
      author         = "Le Diffon, Arnaud and Samtleben, Henning",
      title          = "{Supergravities without an Action: Gauging the Trombone}",
      journal        = "Nucl. Phys.",
      volume         = "B811",
      year           = "2009",
      pages          = "1-35",
      doi            = "10.1016/j.nuclphysb.2008.11.010",
      eprint         = "0809.5180",
      archivePrefix  = "arXiv",
      primaryClass   = "hep-th",
      reportNumber   = "ENSL-00325444",
      SLACcitation   = "%%CITATION = ARXIV:0809.5180;%%"
}


@article{Ciceri:2016dmd,
      author         = "Ciceri, Franz and Guarino, Adolfo and Inverso, Gianluca",
      title          = "{The exceptional story of massive IIA supergravity}",
      year           = "2016",
      eprint         = "1604.08602",
      archivePrefix  = "arXiv",
      primaryClass   = "hep-th",
      SLACcitation   = "%%CITATION = ARXIV:1604.08602;%%"
}

@article{Hull:1984yy,
      author         = "Hull, C. M.",
      title          = "{A New Gauging of $N=8$ Supergravity}",
      journal        = "Phys. Rev.",
      volume         = "D30",
      year           = "1984",
      pages          = "760",
      doi            = "10.1103/PhysRevD.30.760",
      reportNumber   = "PRINT-84-0009 (MIT)",
      SLACcitation   = "%%CITATION = PHRVA,D30,760;%%"
}

@article{Hull:1984vg,
      author         = "Hull, C. M.",
      title          = "{Noncompact Gaugings of $N=8$ Supergravity}",
      journal        = "Phys. Lett.",
      volume         = "B142",
      year           = "1984",
      pages          = "39",
      doi            = "10.1016/0370-2693(84)91131-6",
      reportNumber   = "Print-84-0147 (MIT)",
      SLACcitation   = "%%CITATION = PHLTA,B142,39;%%"
}

@article{Hull:1984qz,
      author         = "Hull, C. M.",
      title          = "{More Gaugings of $N=8$ Supergravity}",
      journal        = "Phys. Lett.",
      volume         = "B148",
      year           = "1984",
      pages          = "297-300",
      doi            = "10.1016/0370-2693(84)90091-1",
      reportNumber   = "Print-84-0722 (MIT)",
      SLACcitation   = "%%CITATION = PHLTA,B148,297;%%"
}

@article{oscar1,
      author         = "Cassani, Davide and de Felice, Oscar and Petrini, Michela and Strickland-Constable, Charles and Waldram, Daniel",
      title          = "{Exceptional generalised geometry for massive IIA and consistent reductions}",
      journal        = "JHEP",
      volume         = "08",
      year           = "2016",
      pages          = "074",
      doi            = "10.1007/JHEP08(2016)074",
      eprint         = "1605.00563",
      archivePrefix  = "arXiv",
      primaryClass   = "hep-th",
      SLACcitation   = "%%CITATION = ARXIV:1605.00563;%%"
}

@article{oscar2,
      author         = "de Felice, Oscar and Geipel, Jakob",
      title          = "{Generalised Calibrations in AdS backgrounds from Exceptional Sasaki-Einstein Structures}",
      journal	 	= "1704.05949",
      year           = "2017",
      eprint         = "1704.05949",
      archivePrefix  = "arXiv",
      primaryClass   = "hep-th",
      SLACcitation   = "%%CITATION = ARXIV:1704.05949;%%"
}

@article{oscar3,
      author         = "de Felice, Oscar and Ntokos, Praxitelis and Petrini, Michela",
      title          = "{Leigh-Strassler exactly marginal deformations from Exceptional Structures}",
      year           = "2017",
      journal         = "to appear",
}

@article{oscar4,
      author         = "Ashmore, Anthony and de Felice, Oscar and Ntokos, Praxitelis",
      title          = "{Exactly marginal deformations of massive IIA Chern-Simons dual}",
      year           = "2017",
      journal         = "to appear",
}

@article{oscar5,
      author         = "Cassani, Davide and de Felice, Oscar and Petrini, Michela
                        and Strickland-Constable, Charles and Waldram, Daniel",
      title          = "{Systematics of consistent truncations from generalised geometry}",
      year           = "2017",
      journal         = "to appear",
}

@article{paar,
	Author = {Alekseevskii, D. V.},
	Journal = {Encyclopedia of Mathematics},
	Title = {{Absolute Parallelism}},
	Url = {http://www.encyclopediaofmath.org/index.php?title=Parallelism,_absolute&oldid=17429},
	Year = {2011},
	Bdsk-Url-1 = {http://www.encyclopediaofmath.org/index.php?title=Parallelism,_absolute&oldid=17429}}
	
@article{bott,
	Ajournal = {Bull. Amer. Math. Soc.},
	Author = {Bott, R. and Milnor, J.},
	Journal = {Bulletin of the American Mathematical Society},
	Month = {05},
	Pages = {87--89},
	Publisher = {American Mathematical Society},
	Title = {{On the parallelizability of the spheres}},
	Url = {http://projecteuclid.org/euclid.bams/1183522319},
	Volume = {64},
	Year = {1958},
	Bdsk-Url-1 = {http://projecteuclid.org/euclid.bams/1183522319}}
	
@article{Kervaire,
	Author = {Kervaire, Michel A.},
	Eprint = {http://www.pnas.org/content/44/3/280.full.pdf+html},
	Journal = {Proceedings of the National Academy of Sciences},
	Number = {3},
	Pages = {280-283},
	Title = {{Non-Parallelisability of the $n$-sphere for $n > 7$}},
	Url = {http://www.pnas.org/content/44/3/280.short},
	Volume = {44},
	Year = {1958},
	Bdsk-Url-1 = {http://www.pnas.org/content/44/3/280.short}}

@article{adams,
	Ajournal = {Bull. Amer. Math. Soc.},
	Author = {Adams, J. F.},
	Journal = {Bulletin of the American Mathematical Society},
	Month = {09},
	Number = {5},
	Pages = {279--282},
	Publisher = {American Mathematical Society},
	Title = {{On the non-existence of elements of Hopf invariant one}},
	Url = {http://projecteuclid.org/euclid.bams/1183522680},
	Volume = {64},
	Year = {1958},
	Bdsk-Url-1 = {http://projecteuclid.org/euclid.bams/1183522680}}

@article{Hairy,
	Author = {Milnor, John},
	Copyright = {Copyright ï¿½ 1978 Mathematical Association of America},
	Issn = {00029890},
	Journal = {The American Mathematical Monthly},
	Jstor_Articletype = {research-article},
	Jstor_Formatteddate = {Aug. - Sep., 1978},
	Language = {English},
	Number = {7},
	Pages = {pp. 521-524},
	Publisher = {Mathematical Association of America},
	Title = {{Analytic Proofs of the ``Hairy Ball Theorem" and the Brouwer Fixed Point Theorem}},
	Url = {http://www.jstor.org/stable/2320860},
	Volume = {85},
	Year = {1978},
	Bdsk-Url-1 = {http://www.jstor.org/stable/2320860}}
	
	
	%% This BibTeX bibliography file was created using BibDesk.
%% http://bibdesk.sourceforge.net/


%% Saved with string encoding Unicode (UTF-8) 

@article{Grana:2004bg,
      author         = "Grana, Mariana and Minasian, Ruben and Petrini, Michela
                        and Tomasiello, Alessandro",
      title          = "{Supersymmetric backgrounds from generalized Calabi-Yau
                        manifolds}",
      journal        = "JHEP",
      volume         = "08",
      year           = "2004",
      pages          = "046",
      doi            = "10.1088/1126-6708/2004/08/046",
      eprint         = "hep-th/0406137",
      archivePrefix  = "arXiv",
      primaryClass   = "hep-th",
      reportNumber   = "CPHT-RR-019-0504, LPTENS-04-32",
      SLACcitation   = "%%CITATION = HEP-TH/0406137;%%"
}

@article{Grana:2005sn,
      author         = "Grana, Mariana and Minasian, Ruben and Petrini, Michela
                        and Tomasiello, Alessandro",
      title          = "{Generalized structures of N=1 vacua}",
      journal        = "JHEP",
      volume         = "11",
      year           = "2005",
      pages          = "020",
      doi            = "10.1088/1126-6708/2005/11/020",
      eprint         = "hep-th/0505212",
      archivePrefix  = "arXiv",
      primaryClass   = "hep-th",
      reportNumber   = "CPHT-RR-029-0505, SPHT-T05-079, LPTENS-05-16,
                        SU-ITP-05-18",
      SLACcitation   = "%%CITATION = HEP-TH/0505212;%%"
}

@article{Grana_Ntokos,
      author         = "Gra\~{n}a, Mariana and Ntokos, Praxitelis",
      title          = "{Generalized geometric vacua with eight supercharges}",
      journal        = "JHEP",
      volume         = "08",
      year           = "2016",
      pages          = "107",
      doi            = "10.1007/JHEP08(2016)107",
      eprint         = "1605.06383",
      archivePrefix  = "arXiv",
      primaryClass   = "hep-th",
      SLACcitation   = "%%CITATION = ARXIV:1605.06383;%%"
}

@inproceedings{Hitchin:2002ea,
      author         = "Hitchin, N.",
      title          = "{Special holonomy and beyond}",
      booktitle      = "{Strings and geometry. Proceedings, Summer School,
                        Cambridge, UK, March 24-April 20, 2002}",
      year           = "2002",
      pages          = "159-175",
      SLACcitation   = "%%CITATION = INSPIRE-609902;%%"
}


@article{Marino:1999af,
      author         = "Marino, Marcos and Minasian, Ruben and Moore, Gregory W.
                        and Strominger, Andrew",
      title          = "{Nonlinear instantons from supersymmetric p-branes}",
      journal        = "JHEP",
      volume         = "01",
      year           = "2000",
      pages          = "005",
      doi            = "10.1088/1126-6708/2000/01/005",
      eprint         = "hep-th/9911206",
      archivePrefix  = "arXiv",
      primaryClass   = "hep-th",
      reportNumber   = "YCTP-P28-99",
      SLACcitation   = "%%CITATION = HEP-TH/9911206;%%"
}

@article{Coimbra:2011nw,
      author         = "Coimbra, AndrÂŽ and Strickland-Constable, Charles and
                        Waldram, Daniel",
      title          = "{Supergravity as Generalised Geometry I: Type II
                        Theories}",
      journal        = "JHEP",
      volume         = "11",
      year           = "2011",
      pages          = "091",
      doi            = "10.1007/JHEP11(2011)091",
      eprint         = "1107.1733",
      archivePrefix  = "arXiv",
      primaryClass   = "hep-th",
      reportNumber   = "IMPERIAL-TP-11-DW-01",
      SLACcitation   = "%%CITATION = ARXIV:1107.1733;%%"
}

@article{Coimbra:2012af,
      author         = "Coimbra, AndrÂŽ and Strickland-Constable, Charles and
                        Waldram, Daniel",
      title          = "{Supergravity as Generalised Geometry II: $E_{d(d)}
                        \times \mathbb{R}^+$ and M theory}",
      journal        = "JHEP",
      volume         = "03",
      year           = "2014",
      pages          = "019",
      doi            = "10.1007/JHEP03(2014)019",
      eprint         = "1212.1586",
      archivePrefix  = "arXiv",
      primaryClass   = "hep-th",
      reportNumber   = "IMPERIAL-TP-12-DW-01",
      SLACcitation   = "%%CITATION = ARXIV:1212.1586;%%"
}

@article{Coimbra:2011ky,
      author         = "Coimbra, AndrÂŽ and Strickland-Constable, Charles and
                        Waldram, Daniel",
      title          = "{$E_{d(d)} \times \mathbb{R}^+$ generalised geometry,
                        connections and M theory}",
      journal        = "JHEP",
      volume         = "02",
      year           = "2014",
      pages          = "054",
      doi            = "10.1007/JHEP02(2014)054",
      eprint         = "1112.3989",
      archivePrefix  = "arXiv",
      primaryClass   = "hep-th",
      reportNumber   = "IMPERIAL-TP-11-DW-02",
      SLACcitation   = "%%CITATION = ARXIV:1112.3989;%%"
}

@article{Hull:2007zu,
      author         = "Hull, C. M.",
      title          = "{Generalised Geometry for M-Theory}",
      journal        = "JHEP",
      volume         = "07",
      year           = "2007",
      pages          = "079",
      doi            = "10.1088/1126-6708/2007/07/079",
      eprint         = "hep-th/0701203",
      archivePrefix  = "arXiv",
      primaryClass   = "hep-th",
      reportNumber   = "IMPERIAL-TP-2007-CMH-01",
      SLACcitation   = "%%CITATION = HEP-TH/0701203;%%"
}


@article{Martucci:2005ht,
      author         = "Martucci, Luca and Smyth, Paul",
      title          = "{Supersymmetric D-branes and calibrations on general N=1
                        backgrounds}",
      journal        = "JHEP",
      volume         = "11",
      year           = "2005",
      pages          = "048",
      doi            = "10.1088/1126-6708/2005/11/048",
      eprint         = "hep-th/0507099",
      archivePrefix  = "arXiv",
      primaryClass   = "hep-th",
      reportNumber   = "IMPERIAL-TP-050701, KUL-TF-05-16",
      SLACcitation   = "%%CITATION = HEP-TH/0507099;%%"
}

@article{Martucci:2011dn,
      author         = "Martucci, Luca",
      title          = "{Electrified branes}",
      journal        = "JHEP",
      volume         = "02",
      year           = "2012",
      pages          = "097",
      doi            = "10.1007/JHEP02(2012)097",
      eprint         = "1110.0627",
      archivePrefix  = "arXiv",
      primaryClass   = "hep-th",
      reportNumber   = "ROM2F-2011-13",
      SLACcitation   = "%%CITATION = ARXIV:1110.0627;%%"
}

@article{Evslin:2007ti,
      author         = "Evslin, Jarah and Martucci, Luca",
      title          = "{D-brane networks in flux vacua, generalized cycles and
                        calibrations}",
      journal        = "JHEP",
      volume         = "07",
      year           = "2007",
      pages          = "040",
      doi            = "10.1088/1126-6708/2007/07/040",
      eprint         = "hep-th/0703129",
      archivePrefix  = "arXiv",
      primaryClass   = "HEP-TH",
      reportNumber   = "KUL-TF-07-06, ULB-TH-07-12",
      SLACcitation   = "%%CITATION = HEP-TH/0703129;%%"
}

@article{Koerber:2007jb,
      author         = "Koerber, Paul and Martucci, Luca",
      title          = "{D-branes on AdS flux compactifications}",
      journal        = "JHEP",
      volume         = "01",
      year           = "2008",
      pages          = "047",
      doi            = "10.1088/1126-6708/2008/01/047",
      eprint         = "0710.5530",
      archivePrefix  = "arXiv",
      primaryClass   = "hep-th",
      reportNumber   = "MPP-2007-162, LMU-ASC-69-07",
      SLACcitation   = "%%CITATION = ARXIV:0710.5530;%%"
}

@article{Pacheco:2008ps,
      author         = "Pires Pacheco, Paulo and Waldram, Daniel",
      title          = "{M-theory, exceptional generalised geometry and
                        superpotentials}",
      journal        = "JHEP",
      volume         = "09",
      year           = "2008",
      pages          = "123",
      doi            = "10.1088/1126-6708/2008/09/123",
      eprint         = "0804.1362",
      archivePrefix  = "arXiv",
      primaryClass   = "hep-th",
      reportNumber   = "IMPERIAL-TP-08-DW-01",
      SLACcitation   = "%%CITATION = ARXIV:0804.1362;%%"
}

@article{Gutowski:1999tu,
      author         = "Gutowski, J. and Papadopoulos, G. and Townsend, P. K.",
      title          = "{Supersymmetry and generalized calibrations}",
      journal        = "Phys. Rev.",
      volume         = "D60",
      year           = "1999",
      pages          = "106006",
      doi            = "10.1103/PhysRevD.60.106006",
      eprint         = "hep-th/9905156",
      archivePrefix  = "arXiv",
      primaryClass   = "hep-th",
      reportNumber   = "DAMTP-1999-67",
      SLACcitation   = "%%CITATION = HEP-TH/9905156;%%"
}

@article{Cascales:2004qp,
      author         = "Cascales, Juan F. G. and Uranga, Angel M.",
      title          = "{Branes on generalized calibrated submanifolds}",
      journal        = "JHEP",
      volume         = "11",
      year           = "2004",
      pages          = "083",
      doi            = "10.1088/1126-6708/2004/11/083",
      eprint         = "hep-th/0407132",
      archivePrefix  = "arXiv",
      primaryClass   = "hep-th",
      reportNumber   = "FTUAM-04-13, IFT-UAM-CSIC-04-33",
      SLACcitation   = "%%CITATION = HEP-TH/0407132;%%"
}

@article{Gauntlett:2004yd,
      author         = "Gauntlett, Jerome P. and Martelli, Dario and Sparks,
                        James and Waldram, Daniel",
      title          = "{Sasaki-Einstein metrics on $S^2 \times S^3$}",
      journal        = "Adv. Theor. Math. Phys.",
      volume         = "8",
      year           = "2004",
      number         = "4",
      pages          = "711-734",
      doi            = "10.4310/ATMP.2004.v8.n4.a3",
      eprint         = "hep-th/0403002",
      archivePrefix  = "arXiv",
      primaryClass   = "hep-th",
      reportNumber   = "IMPERIAL-TP-3-04-8",
      SLACcitation   = "%%CITATION = HEP-TH/0403002;%%"
}

@article{Gauntlett:2004zh,
      author         = "Gauntlett, Jerome P. and Martelli, Dario and Sparks,
                        James and Waldram, Daniel",
      title          = "{Supersymmetric AdS(5) solutions of M theory}",
      journal        = "Class. Quant. Grav.",
      volume         = "21",
      year           = "2004",
      pages          = "4335-4366",
      doi            = "10.1088/0264-9381/21/18/005",
      eprint         = "hep-th/0402153",
      archivePrefix  = "arXiv",
      primaryClass   = "hep-th",
      reportNumber   = "IMPERIAL-TP-03-04-6",
      SLACcitation   = "%%CITATION = HEP-TH/0402153;%%"
}

@inproceedings{Gauntlett03,
      author         = "Gauntlett, Jerome P.",
      title          = "{Branes, calibrations and supergravity}",
      booktitle      = "{Strings and geometry. Proceedings, Summer School,
                        Cambridge, UK, March 24-April 20, 2002}",
      year           = "2003",
      pages          = "79-126",
      eprint         = "hep-th/0305074",
      archivePrefix  = "arXiv",
      primaryClass   = "hep-th",
      reportNumber   = "QMUL-PH-03-05",
      SLACcitation   = "%%CITATION = HEP-TH/0305074;%%"
}

@article{Gauntlett:2006ai,
      author         = "Gauntlett, Jerome P. and O Colgain, Eoin and Varela,
                        Oscar",
      title          = "{Properties of some conformal field theories with
                        M-theory duals}",
      journal        = "JHEP",
      volume         = "02",
      year           = "2007",
      pages          = "049",
      doi            = "10.1088/1126-6708/2007/02/049",
      eprint         = "hep-th/0611219",
      archivePrefix  = "arXiv",
      primaryClass   = "hep-th",
      SLACcitation   = "%%CITATION = HEP-TH/0611219;%%"
}

@article{GGPSW09,
      author         = "Gabella, Maxime and Gauntlett, Jerome P. and Palti, Eran
                        and Sparks, James and Waldram, Daniel",
      title          = "{The Central charge of supersymmetric AdS(5) solutions of
                        type IIB supergravity}",
      journal        = "Phys. Rev. Lett.",
      volume         = "103",
      year           = "2009",
      pages          = "051601",
      doi            = "10.1103/PhysRevLett.103.051601",
      eprint         = "0906.3686",
      archivePrefix  = "arXiv",
      primaryClass   = "hep-th",
      SLACcitation   = "%%CITATION = ARXIV:0906.3686;%%"
}

@article{GGPSW09_02,
      author         = "Gabella, Maxime and Gauntlett, Jerome P. and Palti, Eran
                        and Sparks, James and Waldram, Daniel",
      title          = "{AdS(5) Solutions of Type IIB Supergravity and
                        Generalized Complex Geometry}",
      journal        = "Commun. Math. Phys.",
      volume         = "299",
      year           = "2010",
      pages          = "365-408",
      doi            = "10.1007/s00220-010-1083-y",
      eprint         = "0906.4109",
      archivePrefix  = "arXiv",
      primaryClass   = "hep-th",
      SLACcitation   = "%%CITATION = ARXIV:0906.4109;%%"
}

@phdthesis{Gualtieri:2003dx,
      author         = "Gualtieri, Marco",
      title          = "{Generalized complex geometry}",
      school         = "Oxford U.",
      year           = "2003",
      eprint         = "math/0401221",
      archivePrefix  = "arXiv",
      primaryClass   = "math-dg",
      SLACcitation   = "%%CITATION = MATH/0401221;%%"
}

@article{HPS03,
      author         = "Hackett-Jones, Emily J. and Page, David C. and Smith,
                        Douglas J.",
      title          = "{Topological charges for branes in M theory}",
      journal        = "JHEP",
      volume         = "10",
      year           = "2003",
      pages          = "005",
      doi            = "10.1088/1126-6708/2003/10/005",
      eprint         = "hep-th/0306267",
      archivePrefix  = "arXiv",
      primaryClass   = "hep-th",
      reportNumber   = "DCPT-03-31",
      SLACcitation   = "%%CITATION = HEP-TH/0306267;%%"
}

@article{HPS04,
      author         = "Hackett-Jones, Emily J. and Smith, Douglas J.",
      title          = "{Type IIB Killing spinors and calibrations}",
      journal        = "JHEP",
      volume         = "11",
      year           = "2004",
      pages          = "029",
      doi            = "10.1088/1126-6708/2004/11/029",
      eprint         = "hep-th/0405098",
      archivePrefix  = "arXiv",
      primaryClass   = "hep-th",
      reportNumber   = "DCPT-04-17",
      SLACcitation   = "%%CITATION = HEP-TH/0405098;%%"
}

@article{MS03,
      author         = "Martelli, Dario and Sparks, James",
      title          = "{G structures, fluxes and calibrations in M theory}",
      journal        = "Phys. Rev.",
      volume         = "D68",
      year           = "2003",
      pages          = "085014",
      doi            = "10.1103/PhysRevD.68.085014",
      eprint         = "hep-th/0306225",
      archivePrefix  = "arXiv",
      primaryClass   = "hep-th",
      reportNumber   = "QMUL-PH-03-07",
      SLACcitation   = "%%CITATION = HEP-TH/0306225;%%"
}

@article{Bergshoeff:1997kr,
      author         = "Bergshoeff, E. and Kallosh, R. and Ortin, T. and
                        Papadopoulos, G.",
      title          = "{Kappa symmetry, supersymmetry and intersecting branes}",
      journal        = "Nucl. Phys.",
      volume         = "B502",
      year           = "1997",
      pages          = "149-169",
      doi            = "10.1016/S0550-3213(97)00470-7",
      eprint         = "hep-th/9705040",
      archivePrefix  = "arXiv",
      primaryClass   = "hep-th",
      reportNumber   = "UG-4-97, SU-ITP-97-17, CERN-TH-97-084, CERN-TH-97-84,
                        DAMTP-R-97-17",
      SLACcitation   = "%%CITATION = HEP-TH/9705040;%%"
}

@article{BJRT99,
      author         = "Bergshoeff, Eric and de Roo, Mees and Janssen, Bert and
                        Ortin, Tomas",
      title          = "{The Super D9-brane and its truncations}",
      journal        = "Nucl. Phys.",
      volume         = "B550",
      year           = "1999",
      pages          = "289-302",
      doi            = "10.1016/S0550-3213(99)00214-X",
      eprint         = "hep-th/9901055",
      archivePrefix  = "arXiv",
      primaryClass   = "hep-th",
      reportNumber   = "UG-16-98, IFT-UAM-CSIC-98-27",
      SLACcitation   = "%%CITATION = HEP-TH/9901055;%%"
}

@article{Bergshoeff:1998vx,
      author         = "Bergshoeff, E. and Sorokin, Dmitri P. and Townsend, P.
                        K.",
      title          = "{The M5-brane Hamiltonian}",
      journal        = "Nucl. Phys.",
      volume         = "B533",
      year           = "1998",
      pages          = "303-316",
      doi            = "10.1016/S0550-3213(98)00504-5",
      eprint         = "hep-th/9805065",
      archivePrefix  = "arXiv",
      primaryClass   = "hep-th",
      reportNumber   = "UG-11-98",
      SLACcitation   = "%%CITATION = HEP-TH/9805065;%%"
}

@article{Barwald:1999hx,
      author         = "Barwald, Oliver and Lambert, Neil D. and West, Peter C.",
      title          = "{A Calibration bound for the M theory five-brane}",
      journal        = "Phys. Lett.",
      volume         = "B463",
      year           = "1999",
      pages          = "33-40",
      doi            = "10.1016/S0370-2693(99)00961-2",
      eprint         = "hep-th/9907170",
      archivePrefix  = "arXiv",
      primaryClass   = "hep-th",
      reportNumber   = "KCL-MTH-99-30",
      SLACcitation   = "%%CITATION = HEP-TH/9907170;%%"
}

@article{Pasti:1997gx,
      author         = "Pasti, Paolo and Sorokin, Dmitri P. and Tonin, Mario",
      title          = "{Covariant action for a D = 11 five-brane with the chiral
                        field}",
      journal        = "Phys. Lett.",
      volume         = "B398",
      year           = "1997",
      pages          = "41-46",
      doi            = "10.1016/S0370-2693(97)00188-3",
      eprint         = "hep-th/9701037",
      archivePrefix  = "arXiv",
      primaryClass   = "hep-th",
      reportNumber   = "DFPD-97-TH-1",
      SLACcitation   = "%%CITATION = HEP-TH/9701037;%%"
}

@article{Pasti:1995tn,
      author         = "Pasti, Paolo and Sorokin, Dmitri P. and Tonin, Mario",
      title          = "{Duality symmetric actions with manifest space-time
                        symmetries}",
      journal        = "Phys. Rev.",
      volume         = "D52",
      year           = "1995",
      pages          = "R4277-R4281",
      doi            = "10.1103/PhysRevD.52.R4277",
      eprint         = "hep-th/9506109",
      archivePrefix  = "arXiv",
      primaryClass   = "hep-th",
      reportNumber   = "DFPD-95-TH-37, PREPRINT-DFPD-95-TH-37",
      SLACcitation   = "%%CITATION = HEP-TH/9506109;%%"
}

@article{Perry:1996mk,
      author         = "Perry, Malcolm and Schwarz, John H.",
      title          = "{Interacting chiral gauge fields in six-dimensions and
                        Born-Infeld theory}",
      journal        = "Nucl. Phys.",
      volume         = "B489",
      year           = "1997",
      pages          = "47-64",
      doi            = "10.1016/S0550-3213(97)00040-0",
      eprint         = "hep-th/9611065",
      archivePrefix  = "arXiv",
      primaryClass   = "hep-th",
      reportNumber   = "DAMTP-R-96-49, CALT-68-2077",
      SLACcitation   = "%%CITATION = HEP-TH/9611065;%%"
}

@article{Witten:1996hc,
      author         = "Witten, Edward",
      title          = "{Five-brane effective action in M theory}",
      journal        = "J. Geom. Phys.",
      volume         = "22",
      year           = "1997",
      pages          = "103-133",
      doi            = "10.1016/S0393-0440(97)80160-X",
      eprint         = "hep-th/9610234",
      archivePrefix  = "arXiv",
      primaryClass   = "hep-th",
      reportNumber   = "IASSNS-HEP-96-101",
      SLACcitation   = "%%CITATION = HEP-TH/9610234;%%"
}

@article{Martin:1994np,
      author         = "Martin, I. and Restuccia, A.",
      title          = "{Duality symmetric actions and canonical quantization}",
      journal        = "Phys. Lett.",
      volume         = "B323",
      year           = "1994",
      pages          = "311-315",
      doi            = "10.1016/0370-2693(94)91225-4",
      SLACcitation   = "%%CITATION = PHLTA,B323,311;%%"
}

@book{Ortin04,
      author         = "Ortin, Tomas",
      title          = "{Gravity and strings}",
      publisher      = "Cambridge Univ. Press",
      year           = "2004",
      url            = "http://www.cambridge.org/uk/catalogue/catalogue.asp?isbn=0521824753",
      ISBN           = "0521824753",
      SLACcitation   = "%%CITATION = INSPIRE-648696;%%"
}

@article{Tomasiello:2011eb,
      author         = "Tomasiello, Alessandro",
      title          = "{Generalized structures of ten-dimensional supersymmetric
                        solutions}",
      journal        = "JHEP",
      volume         = "03",
      year           = "2012",
      pages          = "073",
      doi            = "10.1007/JHEP03(2012)073",
      eprint         = "1109.2603",
      archivePrefix  = "arXiv",
      primaryClass   = "hep-th",
      SLACcitation   = "%%CITATION = ARXIV:1109.2603;%%"
}

@article{kappa,
      author         = "Cederwall, Martin and von Gussich, Alexander and Nilsson,
                        Bengt E. W. and Sundell, Per and Westerberg, Anders",
      title          = "{The Dirichlet super p-branes in ten-dimensional type IIA
                        and IIB supergravity}",
      journal        = "Nucl. Phys.",
      volume         = "B490",
      year           = "1997",
      pages          = "179-201",
      doi            = "10.1016/S0550-3213(97)00075-8",
      eprint         = "hep-th/9611159",
      archivePrefix  = "arXiv",
      primaryClass   = "hep-th",
      reportNumber   = "GOTEBORG-ITP-96-14, CTP-TAMU-59-96",
      SLACcitation   = "%%CITATION = HEP-TH/9611159;%%"
}

@article{Green:1983wt,
      author         = "Green, Michael B. and Schwarz, John H.",
      title          = "{Covariant Description of Superstrings}",
      journal        = "Phys. Lett.",
      volume         = "B136",
      year           = "1984",
      pages          = "367-370",
      doi            = "10.1016/0370-2693(84)92021-5",
      reportNumber   = "QMC-83-7",
      SLACcitation   = "%%CITATION = PHLTA,B136,367;%%"
}

@article{BT97,
      author         = "Bergshoeff, E. and Townsend, P. K.",
      title          = "{Super D-branes}",
      journal        = "Nucl. Phys.",
      volume         = "B490",
      year           = "1997",
      pages          = "145-162",
      doi            = "10.1016/S0550-3213(97)00072-2",
      eprint         = "hep-th/9611173",
      archivePrefix  = "arXiv",
      primaryClass   = "hep-th",
      reportNumber   = "DAMTP-R-96-53, UG-8-96",
      SLACcitation   = "%%CITATION = HEP-TH/9611173;%%"
}

@article{Marolf:2003vf,
      author         = "Marolf, Donald and Martucci, Luca and Silva, Pedro J.",
      title          = "{Actions and Fermionic symmetries for D-branes in bosonic
                        backgrounds}",
      journal        = "JHEP",
      volume         = "07",
      year           = "2003",
      pages          = "019",
      doi            = "10.1088/1126-6708/2003/07/019",
      eprint         = "hep-th/0306066",
      archivePrefix  = "arXiv",
      primaryClass   = "hep-th",
      reportNumber   = "IFUM-760-FT",
      SLACcitation   = "%%CITATION = HEP-TH/0306066;%%"
}

@article{Hughes:1986fa,
      author         = "Hughes, James and Liu, Jun and Polchinski, Joseph",
      title          = "{Supermembranes}",
      journal        = "Phys. Lett.",
      volume         = "B180",
      year           = "1986",
      pages          = "370-374",
      doi            = "10.1016/0370-2693(86)91204-9",
      reportNumber   = "UTTG-23-86",
      SLACcitation   = "%%CITATION = PHLTA,B180,370;%%"
}

@article{DPT,
      author         = "Lust, Dieter and Patalong, Peter and Tsimpis, Dimitrios",
      title          = "{Generalized geometry, calibrations and supersymmetry in
                        diverse dimensions}",
      journal        = "JHEP",
      volume         = "01",
      year           = "2011",
      pages          = "063",
      doi            = "10.1007/JHEP01(2011)063",
      eprint         = "1010.5789",
      archivePrefix  = "arXiv",
      primaryClass   = "hep-th",
      SLACcitation   = "%%CITATION = ARXIV:1010.5789;%%"
}

@article{Hughes:1986dn,
      author         = "Hughes, James and Polchinski, Joseph",
      title          = "{Partially Broken Global Supersymmetry and the
                        Superstring}",
      journal        = "Nucl. Phys.",
      volume         = "B278",
      year           = "1986",
      pages          = "147-169",
      doi            = "10.1016/0550-3213(86)90111-2",
      reportNumber   = "UTTG-04-86",
      SLACcitation   = "%%CITATION = NUPHA,B278,147;%%"
}

@article{Cal_Geo,
      author         = "Harvey, R. and Lawson, Jr., H. B.",
      title          = "{Calibrated geometries}",
      journal        = "Acta Math.",
      volume         = "148",
      year           = "1982",
      pages          = "47",
      doi            = "10.1007/BF02392726",
      SLACcitation   = "%%CITATION = ACMTA,148,47;%%"
}

@article{Joyce:2001nm,
      author         = "Joyce, Dominic",
      title          = "{Lectures on special Lagrangian geometry}",
      year           = "2001",
      eprint         = "math/0111111",
      archivePrefix  = "arXiv",
      primaryClass   = "math-dg",
      SLACcitation   = "%%CITATION = MATH/0111111;%%"
}

@article{Martelli:2006yb,
      author         = "Martelli, Dario and Sparks, James and Yau, Shing-Tung",
      title          = "{Sasaki-Einstein manifolds and volume minimisation}",
      journal        = "Commun. Math. Phys.",
      volume         = "280",
      year           = "2008",
      pages          = "611-673",
      doi            = "10.1007/s00220-008-0479-4",
      eprint         = "hep-th/0603021",
      archivePrefix  = "arXiv",
      primaryClass   = "hep-th",
      reportNumber   = "CERN-PH-TH-2006-039, HUTP-06-A0002",
      SLACcitation   = "%%CITATION = HEP-TH/0603021;%%"
}

@article{Gabella:2012rc,
      author         = "Gabella, Maxime and Martelli, Dario and Passias,
                        Achilleas and Sparks, James",
      title          = "{${\cal N}=2$ supersymmetric AdS$_{4}$ solutions of
                        M-theory}",
      journal        = "Commun. Math. Phys.",
      volume         = "325",
      year           = "2014",
      pages          = "487-525",
      doi            = "10.1007/s00220-013-1865-0",
      eprint         = "1207.3082",
      archivePrefix  = "arXiv",
      primaryClass   = "hep-th",
      reportNumber   = "IPHT-T12-053",
      SLACcitation   = "%%CITATION = ARXIV:1207.3082;%%"
}

@article{Gabella:2011sg,
      author         = "Gabella, Maxime and Martelli, Dario and Passias,
                        Achilleas and Sparks, James",
      title          = "{The free energy of ${\cal N}=2$ supersymmetric AdS$_4$
                        solutions of M-theory}",
      journal        = "JHEP",
      volume         = "10",
      year           = "2011",
      pages          = "039",
      doi            = "10.1007/JHEP10(2011)039",
      eprint         = "1107.5035",
      archivePrefix  = "arXiv",
      primaryClass   = "hep-th",
      SLACcitation   = "%%CITATION = ARXIV:1107.5035;%%"
}

@article{Becker:1995kb,
      author         = "Becker, Katrin and Becker, Melanie and Strominger,
                        Andrew",
      title          = "{Five-branes, membranes and nonperturbative string
                        theory}",
      journal        = "Nucl. Phys.",
      volume         = "B456",
      year           = "1995",
      pages          = "130-152",
      doi            = "10.1016/0550-3213(95)00487-1",
      eprint         = "hep-th/9507158",
      archivePrefix  = "arXiv",
      primaryClass   = "hep-th",
      reportNumber   = "NSF-ITP-95-62",
      SLACcitation   = "%%CITATION = HEP-TH/9507158;%%"
}

@article{Becker:1996ay,
      author         = "Becker, Katrin and Becker, Melanie and Morrison, David R.
                        and Ooguri, Hirosi and Oz, Yaron and Yin, Zheng",
      title          = "{Supersymmetric cycles in exceptional holonomy manifolds
                        and Calabi-Yau 4 folds}",
      journal        = "Nucl. Phys.",
      volume         = "B480",
      year           = "1996",
      pages          = "225-238",
      doi            = "10.1016/S0550-3213(96)00491-9",
      eprint         = "hep-th/9608116",
      archivePrefix  = "arXiv",
      primaryClass   = "hep-th",
      reportNumber   = "DUKE-TH-96-124, LBL-39156, LBNL-39156, UCB-PTH-96-33,
                        NSF-ITP-96-65, WIS-96-34-PH",
      SLACcitation   = "%%CITATION = HEP-TH/9608116;%%"
}

@article{Gibbons:1998hm,
      author         = "Gibbons, G. W. and Papadopoulos, G.",
      title          = "{Calibrations and intersecting branes}",
      journal        = "Commun. Math. Phys.",
      volume         = "202",
      year           = "1999",
      pages          = "593-619",
      doi            = "10.1007/s002200050597",
      eprint         = "hep-th/9803163",
      archivePrefix  = "arXiv",
      primaryClass   = "hep-th",
      reportNumber   = "DAMTP-R-98-16",
      SLACcitation   = "%%CITATION = HEP-TH/9803163;%%"
}

@article{Gauntlett:1998vk,
      author         = "Gauntlett, Jerome P. and Lambert, Neil D. and West, Peter
                        C.",
      title          = "{Branes and calibrated geometries}",
      journal        = "Commun. Math. Phys.",
      volume         = "202",
      year           = "1999",
      pages          = "571-592",
      doi            = "10.1007/s002200050596",
      eprint         = "hep-th/9803216",
      archivePrefix  = "arXiv",
      primaryClass   = "hep-th",
      reportNumber   = "QMW-PH-98-16, KCL-TH-98-13",
      SLACcitation   = "%%CITATION = HEP-TH/9803216;%%"
}

@article{Gutowski:1999iu,
      author         = "Gutowski, J. and Papadopoulos, G.",
      title          = "{AdS calibrations}",
      journal        = "Phys. Lett.",
      volume         = "B462",
      year           = "1999",
      pages          = "81-88",
      doi            = "10.1016/S0370-2693(99)00878-3",
      eprint         = "hep-th/9902034",
      archivePrefix  = "arXiv",
      primaryClass   = "hep-th",
      SLACcitation   = "%%CITATION = HEP-TH/9902034;%%"
}

@article{Townsend:1999nf,
      author         = "Townsend, Paul K.",
      title          = "{PhreMology: Calibrating M-branes}",
      booktitle      = "{Strings '99. Proceedings, Conference, Potsdam, Germany,
                        July 19-24, 1999}",
      journal        = "Class. Quant. Grav.",
      volume         = "17",
      year           = "2000",
      pages          = "1267-1276",
      doi            = "10.1088/0264-9381/17/5/336",
      eprint         = "hep-th/9911154",
      archivePrefix  = "arXiv",
      primaryClass   = "hep-th",
      reportNumber   = "DAMTP-1999-165",
      SLACcitation   = "%%CITATION = HEP-TH/9911154;%%"
}

@article{Gauntlett:2001ur,
      author         = "Gauntlett, Jerome P. and Kim, Nakwoo and Martelli, Dario
                        and Waldram, Daniel",
      title          = "{Five-branes wrapped on SLAG three cycles and related
                        geometry}",
      journal        = "JHEP",
      volume         = "11",
      year           = "2001",
      pages          = "018",
      doi            = "10.1088/1126-6708/2001/11/018",
      eprint         = "hep-th/0110034",
      archivePrefix  = "arXiv",
      primaryClass   = "hep-th",
      reportNumber   = "QMUL-PH-01-10",
      SLACcitation   = "%%CITATION = HEP-TH/0110034;%%"
}

@article{Gauntlett:2002sc,
      author         = "Gauntlett, Jerome P. and Martelli, Dario and Pakis,
                        Stathis and Waldram, Daniel",
      title          = "{G structures and wrapped NS5-branes}",
      journal        = "Commun. Math. Phys.",
      volume         = "247",
      year           = "2004",
      pages          = "421-445",
      doi            = "10.1007/s00220-004-1066-y",
      eprint         = "hep-th/0205050",
      archivePrefix  = "arXiv",
      primaryClass   = "hep-th",
      reportNumber   = "QMUL-PH-02-09",
      SLACcitation   = "%%CITATION = HEP-TH/0205050;%%"
}

@article{Gauntlett:2003cy,
      author         = "Gauntlett, Jerome P. and Martelli, Dario and Waldram,
                        Daniel",
      title          = "{Superstrings with intrinsic torsion}",
      journal        = "Phys. Rev.",
      volume         = "D69",
      year           = "2004",
      pages          = "086002",
      doi            = "10.1103/PhysRevD.69.086002",
      eprint         = "hep-th/0302158",
      archivePrefix  = "arXiv",
      primaryClass   = "hep-th",
      reportNumber   = "QMUL-PH-03-01",
      SLACcitation   = "%%CITATION = HEP-TH/0302158;%%"
}

@article{Howe:1983sra,
      author         = "Howe, Paul S. and West, Peter C.",
      title          = "{The Complete N=2, D=10 Supergravity}",
      journal        = "Nucl. Phys.",
      volume         = "B238",
      year           = "1984",
      pages          = "181-220",
      doi            = "10.1016/0550-3213(84)90472-3",
      reportNumber   = "Print-83-0565 (KING'S COLL)",
      SLACcitation   = "%%CITATION = NUPHA,B238,181;%%"
}

@article{Schwarz:1983qr,
      author         = "Schwarz, John H.",
      title          = "{Covariant Field Equations of Chiral N=2 D=10
                        Supergravity}",
      journal        = "Nucl. Phys.",
      volume         = "B226",
      year           = "1983",
      pages          = "269",
      doi            = "10.1016/0550-3213(83)90192-X",
      reportNumber   = "CALT-68-1016",
      SLACcitation   = "%%CITATION = NUPHA,B226,269;%%"
}

@article{VanProeyen:1999ni,
      author         = "Van Proeyen, Antoine",
      title          = "{Tools for supersymmetry}",
      booktitle      = "{Proceedings, Spring School on Quantum Field Theory.
                        Supersymmetries and Superstrings: Calimanesti, Romania,
                        April 24-30, 1998}",
      journal        = "Ann. U. Craiova Phys.",
      volume         = "9",
      year           = "1999",
      number         = "I",
      pages          = "1-48",
      eprint         = "hep-th/9910030",
      archivePrefix  = "arXiv",
      primaryClass   = "hep-th",
      reportNumber   = "KUL-TF-99-37",
      SLACcitation   = "%%CITATION = HEP-TH/9910030;%%"
}

@article{SanchezLoureda:2005ap,
      author         = "Sanchez Loureda, Jose and Smith, Douglas J.",
      title          = "{Four-dimensional SYM probes in wrapped M5-brane
                        backgrounds}",
      journal        = "JHEP",
      volume         = "06",
      year           = "2006",
      pages          = "059",
      doi            = "10.1088/1126-6708/2006/06/059",
      eprint         = "hep-th/0509154",
      archivePrefix  = "arXiv",
      primaryClass   = "hep-th",
      reportNumber   = "DCPT-05-43",
      SLACcitation   = "%%CITATION = HEP-TH/0509154;%%"
}

@article{LSexact,
      author         = "Leigh, Robert G. and Strassler, Matthew J.",
      title          = "{Exactly marginal operators and duality in
                        four-dimensional N=1 supersymmetric gauge theory}",
      journal        = "Nucl. Phys.",
      volume         = "B447",
      year           = "1995",
      pages          = "95-136",
      doi            = "10.1016/0550-3213(95)00261-P",
      eprint         = "hep-th/9503121",
      archivePrefix  = "arXiv",
      primaryClass   = "hep-th",
      reportNumber   = "RU-95-2",
      SLACcitation   = "%%CITATION = HEP-TH/9503121;%%"
}

@article{PilchWarner,
      author         = "Pilch, Krzysztof and Warner, Nicholas P.",
      title          = "{A New supersymmetric compactification of chiral IIB
                        supergravity}",
      journal        = "Phys. Lett.",
      volume         = "B487",
      year           = "2000",
      pages          = "22-29",
      doi            = "10.1016/S0370-2693(00)00796-6",
      eprint         = "hep-th/0002192",
      archivePrefix  = "arXiv",
      primaryClass   = "hep-th",
      reportNumber   = "CITUSC-00-012, USC-00-01",
      SLACcitation   = "%%CITATION = HEP-TH/0002192;%%"
}
